3246 5252
712 512 754 575 49

230 1243 258 1306 3.
307 1242 398 1313 531.
442 1241 492 1298 τοδ
527 1233 558 1298 δὲ
592 1235 729 1298 πάντων,

180 1338 304 1424 ἡδίστου
318 1339 509 1424 ἀκούσματος,
525 1336 644 1402 ἐπαίνου
662 1363 707 1402 σε-

185 1450 285 1528 αυτῆς,
331 1443 454 1529 ἀνήκοος
493 1443 526 1520 εἷ,
568 1439 618 1506 καὶ
655 1449 706 1506 tori

184 1547 300 1612 πάντων
320 1547 437 1632 ἡδίστου
461 1548 604 1632 θεάματος
621 1545 706 1610 doee-

758 699 851 759 εαδθα
894 691 991 780 ὥσπερ
1033 696 1073 766 εἰς
1111 694 1282 780 λαβύρινθον

759 799 941 884 ἐμπεσόντες,
979 799 1108 882 οἰόμενοι
1141 795 1199 882 ἤδη
1235 795 1282 864 ἐπί

758 904 835 967 τέλει
867 903 948 988 εἶναι.
999 903 1039 971 cf.
1065 903 1180 991 Epict.
1207 902 1280 971 dis-

760 1007 1279 1088 mfflQQ-Q.

761 1112 887 1198 Chrys.
912 1111 964 1180 IV
986 1134 1019 1198 p.
1045 1117 1106 1180 149
1131 1133 1205 1198 sqq.

804 1235 1018 1320 Porphyr.
1071 1231 1188 1300 Schol.
1237 1233 1281 1302 ad

761 1331 883 1408 Horat.
921 1336 992 1404 Sat.
1029 1337 1064 1404 ll
1104 1342 1177 1405 294.
1245 1339 1280 1406 Is

761 1447 856 1510 enirn
880 1464 960 1510 oum
985 1440 1121 1509 videret
1136 1442 1279 1512 adules-

761 1554 898 1616 centem
910 1547 1137 1615 luxuriosum
1158 1565 1280 1617 acroa-

760 1653 917 1720 matibus
935 1651 1106 1732 deditum,
1131 1656 1191 1728 ait,
1211 1655 1279 1720 mi-

759 1778 877 1824 serum
912 1765 957 1834 te,
999 1761 1061 1844 qui
1094 1777 1281 1842 uunquam

760 1861 895 1929 audisti
908 1883 1089 1930 summum
1106 1882 1280 1944 acroama,

758 1964 903 2033 laudem
924 1972 1036 2045 tuam,
1062 1958 1280 2051 quamquam

160 1721 163 1726 ,
179 1678 240 1724 τος.

760 2069 823 2138 alii
868 2068 905 2137 id
950 2071 1115 2140 tribuunt
1155 2070 1278 2140 Xeno·
1363 2071 1365 2074 ’

758 2174 896 2259 phonti.

229 2300 257 2361 4.
302 2299 392 2372 ἓ33.
439 2291 488 2356 καὶ
522 2291 618 2376 ἡδέως
653 2292 704 2378 μὲν
803 2296 924 2380 Diog.
961 2295 1100 2364 Lacrt.
1138 2294 1187 2364 VI
1228 2299 1278 2364 51.

183 2403 238 2461 τῶν
262 2403 392 2461 παλαιῶν
426 2397 557 2482 πράξεων
581 2397 705 2481 μέμνην-
758 2406 811 2463 τῶν
834 2403 904 2463 θεῶν
928 2401 987 2462 ἐστι
1010 2399 1119 2463 πάντα·
1152 2399 1231 2484 φίλοι
1247 2399 1279 2463 δὲ

184 2527 245 2579 ται,
299 2497 331 2565 εὖ
376 2501 408 2565 δὲ
450 2503 501 2573 τὰς
554 2501 704 2587 παρούσας
758 2503 785 2566 oi
813 2501 897 2589 σοφοί
936 2507 993 2574 τοῖς
1028 2506 1103 2575 θεοῖς
1140 2513 1201 2572 etc.
1238 2541 1280 2552 -

183 2602 303 2689 ἥδονται
348 2606 525 2692 προίττοντες,
572 2605 605 2670 δι’
652 2606 704 2691 ἐμὲ
759 2609 799 2676 cf.
835 2608 969 2677 librum
1004 2605 1073 2693 περὶ
1104 2613 1154 2672 τού
1185 2607 1279 2672 πιίντα

185 2710 266 2797 φίλοι
300 2709 352 2795 μὲν
386 2714 460 2782 θεοῖς
503 2706 591 2786 ὄντες,
633 2709 705 2794 σίγα-
759 2716 914 2783 σπουδαῖον
980 2711 1053 2776 εἶναι
1119 2712 1276 2797 ἐλεύθερον’

258 2814 266 2837 h
316 2813 342 2836 n!
418 2813 423 2835 l
559 2813 564 2832 Ι
673 2814 699 2838 Μ

184 2841 271 2900 πητοι
316 2839 348 2877 οε
393 2820 495 2900 φιλοις,
540 2840 628 2899 τιμιοι
673 2838 705 2879 οε
761 2817 808 2898 (V.
835 2816 986 2885 Ausfeld
1010 2815 1047 2885 ll.
1071 2839 1104 2903 p.
1130 2823 1198 2898 45).

181 2918 346 3005 πατρίσινω·

273 3041 343 3110 Sed
384 3039 571 3110 Krohnius
617 3040 694 3110 fieri
737 3065 811 3111 non
853 3064 960 3128 posse
1002 3041 1194 3118 contendit,
1240 3052 1280 3112 ut

183 3147 364 3233 Xenopho
401 3145 586 3230 dialogum
610 3145 752 3216 Prodici
782 3150 1046 3215 commentariis
1078 3151 1277 3229 inseruerit,

184 3249 440 3319 cum-Socratis
465 3250 625 3318 doctrina
648 3251 755 3338 plane
780 3252 970 3320 abhorreat
995 3253 1278 3338 asophistarum

183 3355 425 3443 philosophia.
474 3353 553 3436 Qua
577 3354 619 3423 dc
643 3377 679 3423 re
704 3375 922 3441 quamquam
947 3362 1082 3431 certum
1105 3355 1279 3425 iudicium

182 3459 338 3548 prolerre
368 3480 442 3528 non
473 3458 606 3538 audeo,
643 3467 764 3526 tamen
793 3481 836 3526 ex
871 3479 911 3526 ea
929 3462 1133 3529 necessario
1166 3464 1278 3547 sequi,

183 3569 233 3632 ut'
248 3565 322 3634 hoo'
341 3574 447 3652 caput
473 3586 493 3631 a
516 3564 758 3650 Xenophonte
784 3561 1067 3632 abiudicandum
1091 3567 1148 3645 sit,
1173 3587 1275 3651 prae-

183 3668 291 3737 fracte
315 3689 424 3753 nego:
460 3672 569 3738 immo
605 3690 688 3735 curn
723 3661 873 3735 consilio
909 3689 1024 3754 neque
1060 3671 1137 3736 sine
1170 3689 1279 3737 causa

183 3780 308 3842 auctor
330 3773 427 3841 hunc
463 3771 646 3856 dialogum
680 3774 855 3859 recepisse
886 3773 977 3840 mihi
1000 3771 1150 3841 videtur.
1198 3772 1276 3840 Ma-

180 3879 335 3959 gistrum
370 3877 601 3945 Antisthenis
639 3875 849 3945 dcfensurus
886 3883 960 3944 erat
1002 3897 1022 3943 a
1056 3877 1278 3957 criminibus,

183 4002 273 4067 quae
288 3983 488 4067 ‘praecipue
511 3979 617 4049 Plato
632 3980 657 4062 ¹)
683 3982 721 4048 in
745 4001 826 4047 eum
851 3979 1061 4060 contulerat,
1094 3988 1200 4066 atque
1224 4003 1276 4062 co,

271 4153 291 4220 ¹)
310 4170 337 4209 v.
365 4151 482 4220 Protag.
510 4171 538 4222 p·
567 4158 618 4210 316
633 4153 668 4210 A.
697 4156 755 4225 περὶ
782 4155 810 4206 δὲ
838 4148 870 4204 ὧν
900 4153 1044 4224 διελέγοντο
1073 4149 1120 4206 ούκ
1148 4151 1276 4224 ἐδυνάμην

182 4240 263 4310 ἔγωγε
291 4239 381 4311 μαθεῖν
408 4238 508 4304 ἔξωθεν,
532 4242 624 4313 καίπερ
653 4243 766 4313 λιπαρῶς
800 4241 868 4314 ἔχων
895 4235 998 4292 ἀκούειν
1017 4244 1063 4293 τοῦ
1083 4239 1223 4312 Προδίκου·
1244 4271 1277 4278 -

181 4323 316 4400 πάσσοφος
334 4324 382 4399 γάρ
402 4347 445 4398 μοι
464 4327 536 4380 δοκεῖ
554 4324 618 4401 ἁνὴρ
639 4328 702 4381 εἶναι
730 4330 774 4381 καί
794 4328 859 4386 θεῖος
879 4355 912 4366 -
932 4323 997 4379 ἀλλὰ
1018 4324 1058 4379 διὰ
1077 4325 1123 4397 τὴν
1144 4324 1277 4399 βαρύτητα

180 4417 231 4484 τῆς
258 4418 346 4486 φωνῆς
374 4411 470 4485 βόμβος
503 4433 540 4474 τις
569 4415 594 4467 ἐν
623 4420 660 4486 τῷ
692 4412 813 4486 οἰκήματι
841 4411 989 4486 γιγνόμενος
1020 4409 1109 4487 ἀσαφῆ
1137 4415 1218 4468 ἐποίει
1245 4412 1277 4467 τὰ

181 4497 319 4572 λεγόμενα.

1068 4575 1085 4627 4
