3246 5252
869 518 910 581 tc

340 724 374 790 p.
393 708 455 772 288
472 703 514 771 D.
561 698 758 789 ὦΣώκρατες,
781 701 821 775 τίς
845 700 947 768 δ’ἐστὶν
970 701 986 766 ὁ
1011 697 1176 787 ἅνθρωπος
1200 701 1238 776 ὡς
1262 702 1438 775 ἀπαίδευτός

340 832 390 884 τις,
414 803 444 879 ὃς
467 805 544 872 o‘u'ru
568 812 669 892 φαῦλα
685 806 815 891 ὀνόματα
838 805 991 894 ὀνομάζειν
1007 811 1101 891 τολμᾷ
1117 809 1147 871 ἐν
1164 813 1261 894 σεμνῷ
1280 807 1437 894 πράγματι.

340 949 384 958 -
395 911 523 984 τοιοῦτός
535 937 584 986 τις,
608 909 751 986 ὡἹππία,
775 909 810 974 od
826 911 937 998 κομψὸς
950 909 1027 976 ἀλλὰ
1044 903 1192 997 συρφετός.
1209 951 1249 959 -
1266 934 1298 1001 p.
1317 901 1380 982 289
1393 912 1434 982 Ε,

344 1015 535 1099 εὐηθέστατος
559 1011 608 1081 οὖν
632 1013 707 1080 ἐστὶν
738 1014 753 1078 ὁ
778 1011 928 1100 ἄνθρωπος
951 1013 1000 1080 καὶ
1022 1014 1107 1080 οὐδὲν
1131 1015 1228 1080 ἐπαΐει
1251 1012 1317 1100 περὶ
1339 1021 1435 1080 καλῶν

339 1120 509 1209 χρημάτων.
533 1157 572 1166 -
597 1142 631 1208 p.
657 1125 721 1188 290
730 1120 773 1187 A.
813 1115 1044 1206 ὦτετιιφωμένε
1068 1120 1111 1198 oo',
1136 1119 1258 1184 Φειδίαν
1281 1116 1337 1183 οἴει
1361 1119 1435 1183 εἶναι

340 1226 430 1290 κακὸν
450 1223 639 1309 δημιουργόνς
662 1260 705 1270 -
727 1245 760 1311 p.
779 1229 843 1294 290
856 1225 895 1293 Ε.
932 1224 1008 1290 ἀλλὰ
1031 1223 1081 1288 καὶ
1104 1231 1152 1288 νῦν
1168 1224 1263 1309 ἔγωγε
1278 1223 1435 1310 γιγνώσκω,

341 1327 384 1394 ὅτι
407 1329 524 1414 ἀμαθής
553 1328 594 1401 τίς
624 1329 708 1392 ἐστιν.
743 1364 784 1374 —-
807 1350 839 1416 p.
866 1331 985 1400 292A.
1021 1327 1073 1406 ὅτι,
1108 1325 1143 1394 ἂν
1176 1329 1253 1417 τύχῃ
1277 1326 1437 1414 βακτηρίαν

342 1435 429 1522 ἔχων,
465 1431 500 1498 ἂν
531 1432 571 1518 μή
607 1430 724 1518 ἐκφύγιι
757 1434 873 1519 φεύγων
903 1432 999 1511 αὐτόν,
1035 1429 1068 1498 εὖ
1092 1433 1173 1518 μάλα
1197 1458 1251 1518 μου
1274 1432 1436 1520 ἀφικέσθαι

343 1537 520 1625 πειράσεται.
545 1536 615 1606 Sed
638 1542 769 1608 mirum
793 1541 831 1607 in
855 1561 1006 1608 errorem
1030 1537 1166 1618 incidit,
1195 1562 1277 1608 cum
1301 1560 1345 1606 cx
1367 1538 1436 1606 hac

341 1665 378 1712 re
402 1646 505 1730 sequi
539 1644 611 1712 sibi
644 1641 760 1723 finxit,
795 1646 961 1728 ignotum
990 1641 1107 1722 illum,
1140 1647 1202 1730 qui
1240 1642 1437 1712 adversarii

341 1756 460 1837 partes
496 1754 634 1832 ageret,
680 1747 937 1816 Antisthenem
971 1745 1253 1831 intellegendum
1288 1768 1370 1814 esse.
1401 1753 1437 1812 et

340 1873 513 1936 magnam
526 1850 815 1939 discrepantiam,
841 1873 930 1938 quae
946 1850 1179 1920 intercederet
1193 1855 1287 1921 inter
1299 1854 1435 1918 utrius-

343 1977 411 2044 que
436 1953 633 2025 doctrinam
658 1959 709 2025 ita
732 1955 991 2043 explicandam,
1016 1964 1056 2024 ut
1081 1959 1184 2042 quasi
1202 1955 1339 2043 duplici
1353 1975 1435 2040 per·

342 2082 432 2129 sona
448 2064 594 2144 ignotus
618 2059 800 2130 illehomo
818 2060 1004 2128 aPlatone
1027 2059 1176 2128 indutus
1198 2063 1258 2129 sit:
1286 2059 1436 2146 Morum

341 2167 539 2232 rusticitate
568 2166 781 2234 Antistheni
814 2165 944 2233 similis
980 2171 1048 2246 est,
1081 2168 1278 2252 praeceptis
1314 2165 1357 2232 ab
1393 2185 1434 2232 eo

344 2269 512 2338 abhorret
536 2278 672 2338 etcum
699 2268 844 2340 Socrate
868 2269 926 2338 vel
949 2268 1100 2336 Platone
1124 2266 1323 2339 consentit.
1358 2268 1436 2336 Iam

341 2373 443 2440 vides
456 2372 566 2441 talem
578 2377 750 2442 rationem
765 2395 895 2442 vanam
909 2395 986 2442 esse
1000 2377 1169 2461 omnique
1181 2371 1436 2461 probabilitate

342 2498 473 2556 carere;
497 2499 582 2547 nam
604 2477 686 2546 luce
699 2479 830 2547 clarius
855 2486 919 2558 est,
945 2480 1011 2548 sub
1037 2481 1159 2562 ignoto
1177 2478 1241 2549 illo
1255 2481 1435 2548 neminem

342 2581 452 2650 latere
487 2585 558 2650 nisi
581 2582 773 2652 Platonem
804 2585 936 2669 ipsum,
983 2585 1115 2670 quippe
1151 2587 1212 2679 qui
1250 2585 1435 2652 notionem

343 2685 485 2772 pulchri
510 2708 586 2754 esse
611 2684 804 2756 contendat
839 2696 873 2756 et
897 2687 1078 2757 Socratem
1114 2690 1262 2774 eiusque
1298 2688 1436 2756 socium
1498 2707 1501 2712 ·

342 2790 436 2857 hanc
461 2793 675 2858 sententiam
703 2793 975 2876 impugnantem
1013 2792 1056 2860 ad
1086 2792 1283 2862 absurdum
1319 2790 1435 2858 ducat.

342 2892 503 2975 Quorum
533 2896 599 2963 sub
631 2899 796 2980 personis
820 2897 1058 2965 Antisthenes
1093 2899 1254 2980 tangitur
1286 2900 1436 2981 eiusque

344 2997 505 3067 doctrina
526 3001 571 3068 ab
595 2996 668 3067 illis
691 2998 833 3084 prolata
850 3000 1036 3069 deridetur.
1084 3001 1207 3087 Neque
1223 3003 1355 3069 mirum
1372 3007 1437 3077 est,

343 3102 437 3188 quod
480 3103 587 3173 Plato
623 3105 693 3174 sibi
732 3104 928 3184 maledictu
974 3109 1101 3193 repetit
1136 3110 1230 3174 enim
1261 3107 1435 3184 convicia,

344 3228 434 3293 quae
469 3208 704 3278 Antisthenes
751 3213 789 3277 in
831 3230 911 3276 eum
948 3209 1147 3278 contulerat
1192 3230 1304 3297 eoque
1340 3206 1436 3295 quod

341 3310 496 3398 Hippiae
519 3312 577 3381 vel
602 3312 750 3392 Socrati,
778 3336 928 3401 quorum
960 3318 1164 3400 ignorantia
1196 3322 1229 3382 et
1252 3315 1436 3383 rusticitas

342 3419 380 3483 in
411 3417 602 3502 propatulo
638 3421 810 3503 tanquam
845 3426 910 3497 est,
946 3440 987 3486 ea
1022 3420 1201 3499 attribuit,
1235 3423 1437 3488 irrisionem

343 3518 452 3588 efficit
474 3520 590 3589 multo
615 3525 794 3591 maiorem.
1288 3517 1293 3532 ⁸

430 3624 547 3705 Quam
570 3629 608 3694 in
632 3630 871 3695 coniecturam
890 3631 1023 3713 optime
1041 3628 1219 3714 quadrant
1236 3631 1436 3715 opiniones,

343 3751 432 3816 quas
467 3728 631 3817 Hippias,
675 3752 696 3798 a
726 3730 870 3814 Socrate
905 3740 1027 3800 contra
1062 3737 1225 3818 ignotum
1258 3732 1365 3802 illum
1397 3735 1435 3798 in

342 3833 520 3902 auxilium
563 3842 733 3914 vocatuS,
780 3834 822 3903 de
862 3836 1012 3923 pulchro
1052 3840 1187 3906 statuit.
1257 3834 1438 3905 Persimili

342 3941 490 4019 ratione,
516 3961 586 4025 qua
598 3938 835 4008 Antisthenes
860 3939 959 4008 ideas
984 3963 1061 4009 esse
1073 3943 1267 4028 praefracte
1281 3944 1436 4025 negavit,

344 4040 511 4129 Hippias,
547 4042 632 4130 quid
654 4042 847 4131 pulchrum
879 4047 936 4122 sit,
970 4047 1211 4130 interrogatus
1235 4043 1437 4131 respondet,

340 4145 530 4232 pulchram
565 4147 725 4233 puellam
760 4170 838 4216 esse
870 4148 1067 4234 pulchram.
1132 4149 1204 4218 Sed
1238 4148 1438 4226 aSocrate

345 4254 407 4336 qui
429 4258 549 4337 partes
573 4254 688 4336 ignoti
712 4252 813 4321 illius
849 4257 1017 4338 suscepit,
1053 4276 1093 4322 eo
1117 4256 1303 4332 refutatur,
1340 4251 1436 4340 quod

344 4377 466 4424 omnes
490 4379 545 4424 res
570 4359 642 4424 nisi
665 4355 709 4424 ad
726 4354 817 4424 alias
835 4366 1059 4444 comparatae
1074 4359 1246 4446 pulchrae
1263 4357 1436 4446 appellari

342 4479 415 4528 non
439 4463 582 4550 possint
613 4483 762 4548 eamque
795 4463 839 4530 cb
865 4483 1010 4530 causam
1033 4463 1156 4550 puella
1179 4461 1332 4550 pulchra
1355 4483 1436 4531 cum
