3246 5252
896 559 938 622 36

372 740 420 807 καὶ
454 767 550 824 nom
584 739 766 827 φιλοσοφίας,
801 741 832 804 τὸ
867 740 1098 825 εὐδαιμονεῖν
1084 745 1248 828 ἐντῷζῆν
1272 745 1347 808 κατὰ
1371 744 1465 830 φύσιν,

371 847 447 912 ἀλλὰ
472 847 512 932 μὴ
535 846 605 931 πρὸς
617 847 668 918 τοὶς
691 852 770 908 τῶν
761 852 858 910 zell*
829 871 874 910 ων
887 845 979 919 ιιι
1013 845 1048 916 Is
1068 847 1198 928 solum,
1223 871 1284 935 qut
1276 851 1464 919 Omnibus

268 975 270 981 ⁸
340 952 512 1038 'legibus
535 951 627 1021 liber
657 950 854 1020 seeundum
883 960 1048 1020 naturam
1083 955 1184 1025 vivit.
1219 975 1340 1021 revera
1373 955 1465 1024 liber

370 1069 406 1127 et
428 1057 515 1126 felix
539 1066 601 1125 est.
649 1056 807 1143 Cynicus
832 1059 975 1143 sapiens
999 1079 1061 1125 rex
1089 1064 1143 1125 est
1172 1058 1281 1126 huius
1300 1062 1463 1128 ¹ciuitatis

370 1167 408 1232 in
432 1170 562 1232 natura
584 1165 733 1248 positae,
767 1168 899 1248 pastor,
932 1164 993 1247 qui
1022 1165 1119 1246 gregi
1145 1184 1210 1230 suo
1237 1166 1335 1231 omni
1356 1162 1463 1234 medo

370 1266 539 1345 consulit,
550 1265 721 1345 mediana,
736 1268 797 1353 qui
808 1266 972 1334 homines
987 1267 1030 1334 ab
1049 1265 1270 1349 aegritudine
1285 1266 1421 1336 liberat.
1434 1269 1463 1347 ¹)

370 1372 486 1439 Divus
510 1377 682 1457 tanquam
700 1379 763 1450 est,
787 1374 846 1438 eui
867 1369 1002 1456 Iupiter
1025 1372 1101 1456 ipse
1125 1392 1275 1455 regnum
1298 1370 1463 1440 tradidit:

369 1499 401 1544 v.
427 1475 496 1543 Dio
522 1474 706 1560 Chrysost.
741 1473 864 1544 0an
891 1497 923 1560 p.
951 1479 1011 1541 151
1031 1473 1072 1540 R.
1121 1473 1192 1554 Qui
1225 1475 1335 1559 vulgo
1364 1497 1465 1560 reges

373 1579 602 1666 appellantur
624 1600 747 1647 revera
770 1576 862 1647 nihil
880 1577 979 1645 aliud
996 1581 1068 1646 nisi
1084 1582 1178 1647 servi
1194 1586 1280 1648 sunt
1304 1588 1338 1648 et
1354 1580 1466 1664 digni,

373 1673 462 1770 ques
496 1685 721 1752 acerbissime
755 1703 1018 1769 persequamur.
1066 1682 1120 1749 De
1153 1683 1221 1752 hot
1247 1683 1465 1770 Oynieerum

336 1831 339 1835 -
373 1791 521 1874 imperio
551 1787 591 1854 ef.
617 1788 695 1857 Die.
722 1787 907 1874 Chrysost.
944 1786 1003 1855 IV.
1033 1809 1067 1873 p.
1104 1787 1220 1870 149²tz
1256 1787 1464 1856 Alexandro

369 1897 429 1963 πῶς
443 1888 477 1955 ἄν
493 1891 635 1956 κάλλιστα
646 1891 802 1977 ,βασιλεύοι
818 1894 1052 1976 interroganti
1066 1892 1248 1976 Diogenes
1262 1893 1466 1980 respondet,

371 2019 484 2065 unum
508 2019 551 2065 ex
575 1999 743 2068 omnibus
774 2003 974 2083 sapientem
997 2018 1115 2080 regem
1147 2019 1224 2065 esse
1259 2005 1293 2065 et
1328 2021 1348 2065 a
1371 1998 1466 2068 Jove

369 2104 589 2178 institutum,
613 2123 693 2168 aum
709 2101 801 2169 liber
824 2104 871 2169 sit
885 2102 1052 2169 omnibus
1068 2101 1283 2170 libidinibus
1308 2111 1343 2170 et
1358 2102 1464 2171 labe-

372 2207 483 2284 ribuS,
509 2228 583 2274 non
618 2228 709 2284 eum,
745 2208 806 2291 qul
840 2204 935 2268 πολλοὶ
970 2204 1137 2289 διαδήματα
1171 2203 1221 2294 ned
1252 2210 1383 2292 σκῆπτρα
1414 2203 1467 2269 καὶ

369 2308 471 2395 τιάρας
501 2310 641 2378 habeat.
688 2308 803 2377 Verus
838 2331 900 2377 rex
935 2330 1015 2376 eum
1052 2313 1174 2397 apium
1208 2313 1331 2393 regina
1366 2331 1464 2379 eem-

366 2423 522 2502 paratur.
570 2413 621 2482 Ut
643 2416 731 2483 haee
765 2436 839 2482 nen
873 2423 1017 2500 prepter
1048 2414 1275 2484 nobilitatem
1292 2418 1459 2498 generis,

370 2519 433 2588 sed
457 2525 629 2586 enatura
652 2521 731 2604 ipsa
754 2521 961 2604 imperatrix
978 2518 1079 2599 faeta,
1104 2522 1155 2587 ιιι
1179 2522 1372 2604 unicuique
1387 2522 1463 2603 regi

369 2627 526 2706 genuine
552 2626 696 2708 signum
721 2644 741 2689 a
764 2628 893 2690 natura
915 2625 1131 2709 impressum
1155 2631 1217 2692 eut.
1264 2622 1314 2691 Ut
1340 2626 1464 2710 apium

371 2729 493 2809 regina
517 2749 590 2794 una
613 2750 656 2795 ex
681 2729 849 2797 omnibus
875 2727 996 2796 aeulee
1021 2735 1116 2796 earet
1146 2749 1211 2796 nee
1235 2732 1315 2814 ipsa
1338 2749 1375 2796 se
1400 2726 1463 2798 da·

371 2829 514 2898 fendere
542 2835 720 2917 petsest
712 2840 762 2900 ita
792 2853 866 2899 nen
894 2835 925 2900 is
960 2854 1024 2918 pro
1059 2855 1139 2918 rege
1173 2831 1362 2901 habendus
1399 2839 1465 2911 est,

370 2937 431 3020 qui
456 2939 562 3004 armis
587 2935 648 3004 sed
674 2939 809 3022 quirsei
812 2939 908 3003 entia
932 2944 1077 3005 ornatus
1099 2945 1168 3005 est:
1194 2937 1233 3021 μὴ
1251 2931 1336 3000 οὖν
1316 2935 1464 3036 πρότεριν,

369 3032 394 3100 ὦ
423 3063 481 3122 μοι
471 3063 537 3115 ιιι,
573 3038 694 3124 finorc'l
661 3043 785 3103 υεέιν
788 3064 903 3126 sip
906 3066 923 3116 ι,
958 3039 1022 3126 πρὶν
1056 3038 1075 3125 ἠ
1110 3066 1253 3127 φρονισαι
1287 3064 1319 3128 p
1347 3040 1465 3111 162R

370 3142 419 3224 (v
444 3143 483 3210 E
508 3143 639 3214 Weber
662 3143 699 3212 ll
724 3167 756 3230 p.
777 3149 865 3227 159)

371 3354 576 3364 ———

456 3475 475 3538 ¹)
494 3472 542 3530 Ad
561 3472 773 3530 antisthenem
800 3489 919 3542 queque
937 3471 1090 3530 referenda
1109 3471 1183 3529 mihi
1203 3471 1323 3531 videtur
1341 3471 1464 3530 Theaet.

370 3580 399 3630 p.
420 3559 515 3617 174D.
541 3557 664 3633 τύραννόν
689 3580 718 3613 τε
743 3558 790 3632 γὰρ
816 3556 833 3631 ἢ
858 3561 965 3630 βασιλέα
989 3558 1202 3631 ἐγκωμιαζόντων
1222 3561 1267 3614 ἕνα
1284 3565 1333 3613 τῶν
1352 3562 1465 3630 νομέων,

370 3649 423 3701 οἷον
443 3644 559 3718 σιιώτην
578 3643 595 3717 ἢ
615 3649 726 3718 ποιμένα
745 3642 762 3718 ἤ
780 3667 838 3699 τινα
852 3643 976 3716 βουκόλον
988 3643 1087 3717 ἡγεῖται
1101 3643 1204 3700 ἀκούειν
1219 3644 1461 3718 ειδαιμονιζόμενοι

368 3733 434 3788 πολὺ
463 3732 615 3805 βδάλλοιτα.
664 3731 761 3803 Quid?
808 3731 890 3790 Num
925 3732 1116 3790 manifestius
1154 3732 1262 3802 Cynici
1298 3733 1464 3802 significari

369 3823 517 3890 pessunt?
553 3819 601 3877 Ex
628 3819 709 3877 omni
737 3820 799 3876 fere
826 3819 916 3877 verbe
940 3818 1076 3877 Platonis
1100 3820 1204 3877 acerba
1233 3819 1333 3877 irrisio
1352 3819 1461 3889 elueet,

370 3925 447 3976 quae
466 3907 588 3976 quidem
612 3905 720 3964 bene
712 3905 846 3974 intellegi
871 3924 931 3964 nen
955 3911 1055 3976 petest
1079 3904 1138 3963 nisi
1164 3905 1232 3976 quis
1255 3905 1324 3964 Plat
1293 3905 1375 3964 atoni
1392 3911 1464 3963 ante

368 3993 471 4050 oeulos
496 3999 632 4050 versatus
658 3992 697 4050 sit
721 3992 875 4061 cognitum
901 3999 954 4051 est.
1010 3993 1221 4051 Duemmle'rus
1249 3993 1340 4051 Aead.
1369 4012 1397 4062 p.
1418 3997 1463 4052 62.

369 4080 436 4139 Ριιι
407 4087 524 4138 atonem
543 4080 616 4136 haee
635 4079 794 4137 terbastat
752 4079 841 4137 tatuit
858 4079 1021 4150 scripsisse,
1041 4079 1198 4137 utlseerta
1187 4079 1463 4152 temulaiseeretur,

369 4167 423 4237 qui
441 4185 510 4224 eum
529 4185 569 4224 or.
589 4166 653 4239 πρὸς
677 4165 872 4221 Νικοκλέα
835 4185 994 4237 aggressus
1020 4172 1111 4226 esset:
1140 4169 1249 4235 §122
1245 4169 1296 4239 aaa
1287 4171 1312 4222 ὲ
1329 4172 1464 4272 καταινῷς

368 4251 538 4327 taediasti„-
531 4276 576 4307 ων
600 4273 729 4354 τοιαιιην
756 4255 900 4355 ὃιοτιχιμν,
927 4276 959 4314 ως
986 4275 1139 4326 μιν
1127 4253 1301 4328 τὰιιημιοιτέ
1289 4275 1367 4329 χνος
1386 4275 1463 4327 ειρη-

369 4361 459 4411 κοιμεν,
489 4341 526 4400 αἷς
556 4338 638 4394 αιτῶν
667 4339 713 4400 τοὶς
740 4340 825 4444 ψιχιλς
852 4339 890 4412 ἠμ
891 4347 998 4413 εμιῦμει
1027 4361 1102 4394 και
1096 4341 1213 4400 τιλιονος
1239 4337 1310 4402 ἀξίας
1329 4344 1462 4413 ποιοῦμε,ν

369 4423 439 4499 ’ἡμᾶς
459 4447 471 4479 0
500 4423 594 4486 αὐῗῦῡς
614 4424 687 4482 0666)
708 4424 739 4481 ἂν
758 4448 821 4500 ἳρῦς
840 4449 935 4500 αρέἵην
956 4425 1144 4502 ωφὶληῦαῑμεῖ.

456 4514 477 4581 a)
495 4533 523 4571 v.
544 4514 577 4571 Ε.
599 4513 705 4572 Weber
723 4513 753 4571 ll.
773 4533 802 4584 p.
824 4521 874 4572 154
893 4533 958 4584 sqq.
