3246 5252
701 571 740 632 13

172 757 389 842 quibuscum
425 759 529 841 quasi
573 759 696 841 aequis
743 762 778 824 et
813 757 962 842 paribus
1008 757 1268 826 consuetudine

172 863 354 929 coniuncti
389 869 491 928 sunt:
526 883 559 927 v.
589 857 691 942 Diog.
725 859 841 928 Laert.
873 859 925 928 VI
948 867 998 929 51.
1044 859 1111 932 τούς
1135 859 1267 945 ἀγαθαῖς

170 961 277 1050 ἀνδρας
301 969 371 1029 θεῶν
395 963 508 1036 εἰκόνας
532 963 613 1026 εἶναι.
644 1001 688 1008 -
721 963 886 1033 lbid.-3l.
923 971 976 1027 τῶν
993 969 1063 1028 θεῶν
1084 968 1144 1030 ἐστι
1159 965 1268 1030 πάντα·

171 1067 251 1146 φίλοι
273 1068 305 1132 δὲ
328 1069 355 1133 οἱ
380 1066 464 1154 σοφοί
481 1070 539 1139 τοῖς
563 1069 650 1139 θεοῖς·
674 1068 754 1132 κοινά
779 1068 811 1131 δὲ
834 1069 869 1133 τά
886 1075 939 1132 τῶν
962 1069 1063 1156 φίλων.
1090 1069 1182 1134 στάντ’
1210 1065 1267 1156 ἀρα

173 1175 233 1238 ἐστὶ
249 1181 302 1236 τῶν
326 1178 430 1260 σοφῶν.
466 1173 598 1242 Contra
615 1195 738 1241 omnes
755 1178 861 1242 ceteri
876 1175 1041 1244 homines
1054 1178 1268 1262 insipientes

172 1287 278 1365 atque
309 1278 431 1347 stolidi
462 1286 563 1358 sunt;
605 1301 637 1346 u.
663 1278 766 1363 Diog.
797 1279 913 1347 Laert.
939 1277 991 1347 VI
1013 1286 1063 1348 33.
1101 1277 1268 1364 ἀναπήρους

172 1381 271 1466 ἔλεγεν
303 1385 359 1463 (se.
385 1383 537 1466 Διογένης)
567 1381 601 1445 od
632 1383 697 1454 τούς
727 1383 845 1468 κωμοάς
868 1381 917 1447 καὶ
940 1382 1074 1468 τυφλούς,
1099 1382 1176 1447 ἀλλά
1200 1384 1267 1456 τοὺς

172 1487 212 1572 μή
237 1486 357 1573 ἔχοντας
380 1486 483 1572 πήραν.
543 1488 704 1574 Apparet
732 1489 852 1570 igitur,
882 1487 1072 1557 Platonem
1103 1495 1142 1556 ut
1174 1489 1267 1556 hano

146 1657 148 1661 .
177 1591 393 1678 Cynicorum
411 1594 616 1678 superbiam
633 1591 806 1659 derideret
829 1592 915 1660 haec
941 1592 1079 1661 decreta
1101 1601 1201 1661 tanto
1226 1600 1269 1660 ut

177 1699 227 1764 ita
251 1695 366 1764 dicam
389 1703 511 1766 tenore
535 1695 738 1782 protulisse,

260 1801 458 1887 Postquam
493 1803 707 1887 sapientiam
751 1799 806 1868 vol
845 1805 1030 1870 scientiam
1063 1800 1265 1888 ἀναμάρτητον

175 1927 252 1973 esse
277 1911 452 1974 statutum
477 1913 540 1986 est,
566 1904 728 1974 Socrates
763 1928 836 1976 non
861 1904 1021 1973 sufficere
1046 1905 1269 1976 demonstrat

175 2009 380 2078 divitiarum
406 2009 629 2096 aliorumque
646 2012 825 2080 bonorum
842 2009 1113 2090 abundantiam,
1138 2010 1200 2079 scd
1225 2018 1267 2079 ut

173 2114 326 2183 fructum
361 2114 518 2201 aliquem
553 2137 596 2183 ex
631 2119 676 2183 iis
713 2114 940 2194 hauriamus,
975 2125 1068 2182 recte
1101 2114 1176 2183 illis
1212 2119 1266 2184 uti

174 2223 330 2288 sciamus
368 2227 537 2305 oportere.
603 2219 694 2288 Cum
731 2226 849 2286 autem.
886 2220 979 2288 hanc
1013 2227 1105 2288 recto
1141 2219 1266 2287 utendi

174 2323 380 2392 facultatem
418 2346 490 2392 una
525 2328 675 2392 scientia
708 2325 886 2410 praebeat,
921 2322 1061 2392 nullam
1096 2346 1167 2391 rem
1193 2325 1265 2391 nisi

175 2431 359 2496 scientiam
373 2450 436 2514 pro
452 2451 591 2498 summo
609 2430 704 2498 bono
719 2426 922 2496 habendam
940 2450 1034 2496 esse:
1056 2453 1088 2497 ν.
1100 2452 1133 2516 p.
1153 2428 1263 2496 aarss.

173 2530 199 2594 τί
228 2527 278 2596 οὖν
301 2531 368 2616 ἡμῖν
404 2531 556 2618 συμβαίνει
590 2535 623 2596 ἐκ
654 2537 707 2595 τῶν
738 2531 913 2617 appiam
943 2528 1016 2596 ἀλλο
1039 2558 1065 2596 τι
1087 2530 1108 2617 ἢ
1130 2539 1185 2596 τῶν
1215 2531 1267 2615 μὲν

175 2631 273 2700 ἀλλων
296 2635 380 2700 οὐδὲν
405 2634 436 2700 ἀν
461 2633 527 2700 odra
550 2636 664 2720 ἀγαθὸν
688 2633 755 2700 οὔτε
777 2635 875 2714 κακόν,
899 2636 1010 2700 τούτοιν
1023 2637 1055 2701 δὲ
1080 2640 1158 2701 δυοῖν
1176 2631 1269 2699 ὄντοιν

173 2739 192 2826 ἡ
218 2739 269 2825 μὲν
294 2739 381 2826 σοφία
413 2741 535 2826 ἀγαθόν,
565 2741 584 2825 ἡ
609 2742 640 2806 δὲ
671 2740 787 2826 ἀμαθία
816 2741 921 2820 κακόν;
956 2741 1108 2825 ὡμολόγει.
1162 2739 1266 2822 Quod

173 2845 346 2932 placitum
370 2868 443 2915 non
467 2869 488 2914 a
510 2847 663 2915 Platone
685 2846 882 2933 profectum
907 2869 984 2915 esse
1008 2869 1088 2915 cum
1118 2867 1161 2916 ex
1176 2845 1265 2914 Phi-

175 2950 268 3022 lebo,
301 2973 370 3037 quo
404 2950 547 3034 dialogo
583 2951 669 3037 quid
697 2953 835 3021 bonum
864 2955 911 3019 sit
948 2955 1076 3036 agitur,
1111 2957 1188 3018 tum
1224 2971 1270 3018 ex·

174 3053 310 3123 illustri
333 3054 396 3125 illo
420 3056 520 3142 Reip.
555 3056 633 3126 loco
665 3056 713 3143 (p.
739 3061 802 3123 507
825 3057 859 3123 A
873 3093 906 3102 -
926 3061 989 3124 509
1003 3056 1046 3139 O)
1072 3058 1267 3122 certissima

176 3159 304 3229 evadit.
351 3161 474 3246 Neque
499 3164 593 3229 enirn
617 3161 711 3228 idam
734 3159 831 3228 valet
855 3163 1014 3241 scientia,
1050 3182 1089 3228 ac
1119 3161 1270 3238 bonum,

175 3265 237 3332 sed
261 3265 374 3334 multo
393 3265 537 3333 inferior
561 3272 615 3332 cst
630 3264 813 3350 dignitate.
860 3259 944 3332 Idea
966 3267 1065 3344 boni,
1089 3285 1181 3350 quae
1203 3285 1267 3348 pro

176 3391 316 3440 summa
338 3369 506 3438 habenda
529 3377 583 3437 est
607 3373 767 3439 omnium
791 3369 963 3448 idearum,
990 3379 1162 3455 tanquam
1187 3367 1269 3436 fons

175 3481 239 3552 est,
274 3496 316 3541 ex
356 3496 426 3560 quo
454 3481 646 3542 manarunt
685 3479 800 3543 omnis
840 3477 991 3542 scientia
1029 3482 1063 3542 at
1101 3475 1266 3540 essentia.

174 3577 298 3647 Veluti
333 3577 398 3658 sol,
435 3582 498 3664 qui
533 3578 646 3647 oculis
683 3578 727 3646 ad
763 3601 886 3648 omnes
916 3600 970 3646 res
1001 3576 1268 3664 cognoscendas

175 3682 292 3751 lucem
325 3684 482 3770 praebet,
525 3683 638 3752 multo
678 3683 751 3752 illis
789 3691 959 3772 praestat,
997 3688 1048 3752 ita
1087 3677 1295 3750 summum

175 3790 310 3857 bonum
354 3791 472 3856 animo
516 3791 676 3856 omnium
715 3809 831 3857 rerum
867 3790 1052 3856 scientiam
1088 3786 1270 3871 expetenti

176 3895 416 3975 cognitionem
474 3899 508 3959 et
560 3896 744 3960 veritatem
794 3893 916 3974 adfert,
975 3914 1063 3979 quas
1103 3892 1268 3978 quamvis

175 3994 376 4083 praeclarae
406 4018 460 4064 res
492 3996 673 4082 putandae
709 4001 781 4064 sint
813 4005 932 4065 tamen
967 3997 1074 4081 longe
1108 4003 1266 4080 superat:

176 4123 207 4168 v.
233 4099 332 4186 Reip.
365 4105 485 4170 v.·508
506 4102 544 4168 ld.
587 4107 669 4165 τοῦτο
698 4100 799 4178 τοίνον,
830 4102 861 4164 τὸ
889 4103 940 4186 την
971 4100 1111 4185 ἀληθειαν
1139 4099 1268 4184 παρέχον

176 4208 234 4278 τοῖς
264 4205 502 4291 γιγνωσκομένοις
532 4204 581 4270 καί
611 4212 653 4292 τῷ
678 4206 860 4290 ’γιγνώσκοντι
889 4208 940 4290 τὴν
970 4205 1090 4289 δύναμιν
1120 4203 1268 4280 ἀποθιθόν,

176 4311 227 4395 τὴν
250 4316 300 4375 τοῦ
324 4311 440 4396 ἀγαθοῦ
463 4311 543 4373 ἰδέαν
567 4311 642 4395 ’,ια’θι
667 4311 747 4386 εἶναι,
773 4309 866 4374 αἰτίαν
891 4310 913 4374 δ’
935 4307 1094 4396 ἑτιστημης
1113 4307 1202 4376 οὖσαν
1219 4309 1284 4374 καί

177 4415 324 4500 ἀληθείας,
349 4415 386 4487 ὡς
409 4415 648 4500 γιγνωσκομένοις
670 4415 721 4500 μὲν
742 4417 790 4480 aa
806 4421 864 4492 νοῦ,
888 4414 964 4479 οὕτω
981 4415 1013 4479 οὲ
1029 4423 1125 4481 καλῶν
1142 4415 1270 4502 ἀμφοτέ-

176 4545 235 4605 ρων
270 4515 359 4583 ίντων
403 4519 533 4604 γνώσεώς
568 4545 600 4582 τε
632 4519 681 4584 καὶ
717 4521 864 4605 ἀληθείας,
896 4519 968 4586 ἀλλο
1000 4521 1049 4587 καί
1079 4521 1198 4585 κάλλιον
1227 4518 1272 4582 ἔτι
