3246 5252
876 585 1021 670 aa⁸

352 775 475 851 nescit,
501 778 719 840 statuerunt:
743 795 775 840 v.
801 771 904 855 Diog.
929 771 1044 840 Laert.
1071 771 1139 839 VII
1164 777 1234 862 124.
1274 771 1324 855 τόν
1348 769 1454 856 φιλίαν

352 878 381 938 ἐν
406 873 501 960 μόνοις
524 878 581 947 τοῖς
613 873 778 946 σπουδαίοις
813 876 887 939 εἶναι
920 876 968 939 διὰ
1004 876 1054 960 τὴν
1087 875 1254 960 ὁμοιότητα.
1265 874 1292 959 1)
1354 875 1449 943 (lum

351 979 409 1048 his
433 982 551 1049 verbis
577 978 663 1048 adeo
688 983 907 1049 conveniunt
938 1001 1027 1067 quae
1053 981 1216 1049 Socrates
1248 983 1286 1047 in
1309 979 1453 1066 Lysida-

350 1107 383 1170 p.
410 1083 529 1151 2141)
555 1083 727 1169 disputat,
751 1092 793 1153 ut
814 1084 1004 1154 Platonem
1028 1084 1121 1154 illud
1138 1084 1341 1154 Stoicorum
1363 1084 1449 1171 pla-

352 1189 462 1256 citum
494 1191 726 1274 impugnasse
758 1190 825 1258 tibi
858 1188 990 1273 fingas:
1032 1195 1115 1254 τοῦτο
1149 1187 1241 1252 τοίνυν
1266 1186 1447 1266 αἰνίττονται,

350 1289 388 1363 ὡς
416 1289 481 1375 ἐμοὶ
513 1295 661 1367 borabam,
703 1287 726 1354 ὦ
762 1294 865 1378 ἑταῖρε,
900 1293 927 1356 οἱ
961 1293 992 1357 τὸ
1023 1291 1120 1377 ὁμοῖον
1155 1299 1197 1378 τῷ
1229 1290 1323 1378 ὁμοίῳ
1361 1291 1454 1378 φίλον

351 1394 490 1479 λέγοντες,
514 1393 552 1466 ὡς
575 1393 590 1457 ό
615 1394 727 1479 ἀγαθός
749 1402 791 1481 τῷ
811 1395 917 1482 ἀγαθῷ
937 1385 1022 1481 μόνος
1042 1396 1122 1483 μόνῳ
1145 1395 1236 1482 φίλος,
1261 1395 1275 1460 ό
1300 1397 1332 1460 δὲ
1356 1397 1453 1468 κακός

351 1494 418 1562 οίίτε
441 1497 548 1584 ἀγαθῷ
568 1494 635 1562 οότε
658 1505 741 1585 κακῷ
753 1499 893 1564 οὐδέποτε
916 1501 957 1572 εἷς
980 1499 1077 1585 ἀληθῆ
1100 1500 1199 1586 φιλίαν
1222 1500 1349 1588 ἔρχεται.

334 1621 340 1630 ·
440 1604 575 1688 Magna
598 1613 632 1672 et
657 1604 861 1676 admirabili
884 1604 1083 1674 disserendi
1113 1606 1316 1676 subtilitate
1338 1607 1450 1675 Plato

350 1711 389 1776 in
406 1707 560 1794 Cynicos
583 1711 744 1794 ipsorum
769 1730 867 1776 arma
883 1713 996 1778 vertit.
1044 1708 1095 1776 Ut
1110 1710 1204 1779 hanc
1228 1711 1449 1780 deamicitia

351 1814 563 1882 sententiam
593 1812 729 1892 refutet,
761 1811 824 1881 illo
851 1813 1067 1899 Cynicorum
1091 1815 1222 1900 placito
1247 1819 1370 1894 utitur,
1401 1837 1447 1884 cx

352 1939 421 2003 quo
462 1919 605 2004 sapiens
646 1937 683 1983 sc
721 1919 800 2002 ipso
839 1925 1028 1986 contentus
1069 1940 1146 1986 esse
1184 1918 1373 1988 videbatur
1411 1929 1449 1990 et

351 2021 489 2089 nullius
513 2024 564 2089 rei
592 2019 766 2104 indigere:
795 2045 827 2090 v.
857 2045 889 2108 p.
924 2026 987 2090 215
1011 2025 1053 2090 A.
1090 2020 1147 2108 οὐχ
1181 2021 1196 2086 ὁ
1226 2021 1347 2107 ἀγαθός,
1378 2023 1446 2088 καθ’

350 2122 416 2188 όσον
440 2123 560 2208 ἀγαθός,
585 2125 660 2187 κατὰ
683 2129 818 2188 τοσοῦτον
843 2126 939 2198 ἱκανός
963 2123 997 2190 όίν
1022 2123 1067 2210 εἴη
1092 2125 1185 2211 αὑτῷ;
1219 2165 1263 2173 -
1293 2127 1339 2191 ναί
1362 2127 1450 2192 -ὁ

350 2229 382 2292 δὲ
406 2229 503 2302 ἱκανὸς
527 2228 643 2300 οὐδενός
668 2227 804 2313 δεόμενος
827 2230 902 2293 κατὰ
919 2231 970 2314 τήν
994 2230 1150 2314 ίκοινότητοι
1174 2271 1216 2276 ——
1238 2239 1297 2305 πῶς
1320 2233 1375 2318 γὰρ
1391 2232 1446 2313 οὖς

349 2370 393 2378 -
415 2332 430 2397 ὁ
455 2333 487 2396 δὲ
511 2333 551 2418 μή
575 2358 624 2396 τοο
648 2332 784 2416 δεόμενος
808 2333 876 2398 οὐδὲ
899 2360 924 2398 τι
953 2333 1077 2420 ἀγαπῴη
1107 2333 1155 2415 aba
1184 2341 1243 2404 κτλ.
1295 2337 1449 2407 Accedit

351 2437 449 2506 aliud
474 2445 733 2522 argumentum.
780 2439 904 2525 Neque
936 2443 1030 2508 enim
1060 2443 1137 2507 sinc
1161 2440 1312 2532 consilio
1337 2441 1446 2510 Plato

350 2543 417 2611 hos
444 2544 730 2629 sapientissimos
755 2543 919 2611 homines
955 2565 1035 2612 cum
1063 2546 1179 2630 poetis
1210 2548 1446 2614 coniunxisse

349 2645 499 2715 videtur.
571 2647 712 2716 Scimus
759 2648 1013 2715 Antisthenem
1060 2651 1207 2734 eiusque
1253 2657 1444 2719 sectatores

349 2759 473 2836 poetas
499 2755 603 2838 quasi
633 2739 696 2838 pro
728 2747 829 2821 fonte
861 2754 976 2819 omnis
1012 2755 1180 2822 scientiae
1204 2754 1376 2822 habuisse
1410 2762 1446 2822 et

351 2853 537 2941 discipulis
563 2855 657 2924 dicta
682 2878 802 2924 eorum
828 2855 1015 2940 diligenter
1039 2856 1246 2926 inculcasse.
1258 2858 1285 2941 ρ)

438 2957 507 3026 Sed
538 2958 642 3028 Plato
672 2963 749 3046 ipse
787 2959 870 3028 illos
906 2960 1081 3042 homines,
1118 2983 1269 3047 quorum
1305 2961 1445 3030 decreta

351 3065 388 3130 in
424 3063 491 3132 hoc
526 3063 668 3148 dialogo
705 3067 833 3150 carpit,
869 3072 943 3132 tarn
978 3074 1139 3134 accurate
1174 3066 1359 3146 describit,
1403 3075 1445 3135 ut

351 3169 497 3252 quinam
520 3165 576 3235 illi
599 3166 832 3252 intellegendi
856 3172 939 3248 sint,
963 3172 1001 3236 in
1030 3169 1139 3238 dubio
1164 3192 1237 3239 non
1260 3173 1443 3258 relinqua·

350 3293 437 3337 mur.
487 3270 580 3340 Sunt
605 3275 666 3358 qui
690 3271 733 3340 de
757 3280 886 3340 natura
914 3295 953 3340 ac
969 3296 1086 3342 rerum
1111 3277 1344 3344 universitate
1367 3275 1443 3343 dis-

348 3381 493 3459 putant:
510 3397 543 3461 p.
559 3379 622 3442 214
633 3375 671 3442 Β.
691 3373 745 3439 εἰσί
758 3377 791 3439 δέ
802 3401 858 3438 που
872 3372 951 3439 οὗτοι
963 3376 990 3438 οἱ
1003 3377 1067 3462 περὶ
1079 3378 1194 3463 paean
1206 3377 1298 3442 τεκαὶ
1310 3385 1361 3442 τοῦ
1373 3377 1448 3443 ileo

349 3475 551 3560 διαλεγόμενοι
581 3477 630 3542 καὶ
658 3479 825 3565 γμοίμοντες.
886 3480 1011 3550 Altero
1034 3481 1125 3563 1000,
1162 3505 1232 3569 quo
1256 3482 1352 3562 illos³
1381 3487 1444 3569 qui

350 3585 528 3648 contraria
549 3586 706 3652 maxime
739 3588 853 3652 amica
877 3608 953 3663 esse
989 3590 1174 3654 contrariis
1210 3587 1448 3668 contendunt.

349 3688 548 3770 impugnat,
573 3709 633 3754 eos
659 3688 817 3775 appellat
844 3689 876 3773 ίοἱ
899 3689 1047 3776 πάσσοφοι
1070 3685 1179 3776 diepa,
1203 3691 1229 3754 οί
1253 3690 1442 3774 ἀντιλογικοί’

350 3791 398 3875 (μ
424 3794 487 3857 216
503 3789 567 3871 Β),
626 3793 786 3879 Apparet
809 3793 875 3860 hos
906 3815 984 3861 esse
1007 3794 1263 3865 Antisthenem
1295 3799 1447 3882 eiusque

351 3891 563 3979 discipulos,
600 3899 660 3980 qui
695 3896 806 3964 simili
840 3900 977 3966 ratione
1002 3903 1212 3985 saepissime
1247 3900 1443 3970 aPlatone

351 3995 565 4067 deridentur.

437 4264 455 4332 ¹)
475 4265 559 4334 Diog.
579 4266 676 4324 Laeti.
695 4265 739 4324 Vl
760 4272 806 4324 12:
836 4264 984 4341 ἀξιέραστος
1008 4267 1021 4323 ὁ
1042 4267 1150 4342 ἀγαθός·
1171 4274 1194 4325 oi
1210 4275 1343 4326 σπουδαῖοι
1363 4275 1444 4346 φίλοι,

436 4351 456 4420 2)
473 4371 501 4410 v.
520 4353 604 4422 Diog.
624 4354 720 4412 Laert.
741 4354 785 4410 Vl
804 4360 849 4412 31:
878 4364 999 4432 κατεῖχον
1027 4359 1054 4412 δὲ
1074 4360 1096 4412 οί
1116 4361 1205 4420 παῖδες
1223 4359 1308 4414 πολλὰ
1327 4366 1444 4434 ποιητῶν

348 4441 392 4491 καὶ
419 4439 582 4513 ξυγγραφέων
611 4445 653 4495 καὶ
680 4447 728 4495 τῶν
757 4439 837 4496 αὐτοῦ
866 4441 1008 4515 Διογένους,
1037 4451 1121 4498 πᾶσαν
1149 4443 1168 4499 τ’
1192 4448 1284 4520 ἔφοδον
1313 4446 1442 4518 σόντομον

348 4523 411 4598 πρὸς
429 4524 458 4579 τὸ
477 4523 684 4599 εὐμνημόνευτον
704 4527 820 4601 ἐπήσκει.
858 4531 894 4586 cf·
914 4530 1095 4601 Duemmler‚
1121 4533 1252 4591 Antisth.
1272 4552 1300 4604 p.
1322 4540 1355 4592 16
1374 4551 1445 4604 sqq·
