3246 5252
871 535 913 598 48

348 724 503 792 maxime
537 712 759 789 necessariae
798 719 929 797 essent,
965 721 1053 812 satis
1088 717 1443 816 11011010011100110

347 847 452 913 parce
475 825 647 894 vivebant
670 830 704 892 et
727 824 857 892 samem
874 825 1043 908 sitimque
1058 823 1212 893 libenter
1227 822 1440 892 tolerabant.

346 929 425 999 Sua
447 937 574 1017 sponte
610 951 758 1017 corpora
804 932 841 998 in
875 927 1052 997 molestiis
1087 927 1303 1013 perferendis
1341 949 1441 996 exor-

347 1037 508 1104 citabant
532 1042 566 1118 et
590 1055 713 1105 omnes
737 1033 878 1103 labores
904 1031 1088 1110 subibant,
1108 1053 1189 1102 cum
1213 1035 1288 1119 apti
1311 1041 1442 1115 essent,

284 1197 287 1207 .
346 1143 409 1226 qui
431 1140 596 1208 homines
622 1138 668 1206 ad
689 1137 858 1220 virtutem
873 1135 1115 1223 perducerent.
1162 1136 1254 1205 Nam
1270 1139 1443 1206 virtutem

345 1244 574 1314 manifestam
597 1242 674 1310 fieri
699 1242 865 1329 operibus
896 1261 1012 1326 neque
1034 1240 1160 1310 multis
1184 1241 1302 1310 verbis
1327 1263 1444 1328 neque

347 1347 548 1435 disciplinis
574 1369 688 1432 egere:
725 1369 757 1414 v.
782 1346 885 1430 Diog.
911 1345 1026 1414 Laert.
1057 1343 1180 1414 V111.
1216 1345 1267 1428 τὴν
1298 1345 1319 1409 τ’
1335 1344 1443 1432 ἀρετὴν

336 1451 400 1516 ’τῶν
452 1451 570 1538 ἔργων.
594 1450 675 1527 εἶναι,
725 1449 798 1534 μήτε
843 1449 937 1533 λόγων
982 1447 1124 1513 πλείστων
1176 1451 1317 1534 δεομένην
1368 1450 1443 1535 μήτε

347 1555 536 1641 μαθημάτων.
580 1554 717 1624 Eadem
754 1577 798 1622 ex
832 1575 955 1636 causa¹
977 1555 1145 1624 omnibus
1177 1556 1283 1625 rebus
1315 1577 1442 1624 vacare

345 1660 549 1741 studebant,
581 1681 670 1746 quas
693 1659 855 1746 plerique
879 1666 961 1728 ante
986 1663 1107 1740 omnia
1129 1663 1254 1744 magni
1277 1660 1441 1740 facerent.

346 1772 381 1833 et
413 1765 497 1834 illos
532 1787 613 1834 vere
649 1768 829 1851 sapientes
866 1763 1006 1850 diisque
1036 1762 1172 1832 similes
1196 1763 1442 1850 appellabant,

348 1873 410 1955 qui
440 1869 533 1937 nihil
569 1868 820 1948 desiderarent,
860 1872 991 1955 quippe
1034 1889 1116 1938 cum
1155 1866 1319 1937 divinum
1348 1876 1444 1942 essct
1502 1893 1532 1962 ‚·

345 1973 484 2041 nullius
518 1977 567 2042 rei
602 1972 775 2057 indigere:
811 1997 843 2040 1.
876 1973 979 2056 Diog.
1012 1972 1129 2042 Laert.
1165 1971 1227 2040 VI.
1249 1979 1320 2042 113.
1370 1977 1443 2037 θεῶν

346 2073 398 2160 μὲν
430 2073 503 2140 ἴδιον
538 2076 612 2140 εἶναι
646 2077 769 2160 μηδενὸς
810 2078 939 2154 δεῖσθαι,
980 2081 1034 2140 τῶν
1069 2075 1101 2140 δέ
1131 2079 1189 2148 τοῖς
1223 2079 1298 2149 θεοῖς
1334 2075 1444 2161 ὁμοίων

344 2178 451 2264 ὀλίγων
484 2179 613 2267 χρῄζειν.
670 2182 709 2250 cl.
755 2182 834 2250 Dl0.
871 2181 1057 2266 Chrysosl.
1099 2204 1146 2251 or.
1183 2180 1235 2249 VI
1275 2187 1348 2251 208.
1392 2179 1444 2246 καὶ

345 2286 475 2368 ἐμιμεῖτο
500 2286 563 2369 (sc.
587 2285 740 2370 Διογένης)
764 2292 817 2350 τῶν
841 2289 912 2350 θεῶν
935 2285 984 2349 τὸν
1007 2283 1076 2371 βίον.

433 2389 550 2458 Το1110
585 2389 663 2460 1000
695 2390 839 2459 disserit
861 2390 1042 2478 Xenopho
1079 2390 1122 2458 de
1157 2394 1378 2461 continentia
1403 2395 1443 2460 in

346 2493 493 2562 alterius
517 2494 603 2562 libri
632 2497 747 2581 capite
770 2498 897 2583 primo,
934 2494 1030 2581 quod
1062 2516 1118 2563 me
1144 2493 1288 2582 quidem
1323 2495 1442 2565 iudice

345 2601 431 2666 item
454 2596 501 2665 ad
523 2598 780 2666 Antisthenem
815 2599 1036 2668 referendum
1068 2607 1130 2668 est.
1177 2598 1323 2685 Pugnat
1347 2604 1442 2670 enim

346 2707 469 2770 auctor
485 2721 573 2770 oum
591 2700 736 2788 Cynicis
761 2710 883 2770 contra
899 2705 1128 2792 Aristippum
1153 2707 1301 2791 eiusque
1325 2712 1440 2774 secta-

345 2812 451 2884 tores.
476 2809 538 2892 qui
554 2807 597 2874 ab
623 2804 697 2874 illis
715 2806 847 2875 diversi
862 2807 1088 2895 voluptatem
1104 2831 1287 2878 summum
1303 2811 1442 2879 bonum

345 2925 423 2976 esse
447 2915 660 2978 statuerunt.
707 2911 897 2998 Nusquam
912 2916 1024 2982 totius
1048 2913 1132 2982 libri
1148 2913 1328 3001 Xenopho
1354 2913 1442 3000 quid

344 3013 482 3082 efficere
506 3013 660 3083 voluerit
686 3023 760 3084 tam
785 3022 904 3103 aperte
927 3020 966 3085 in
988 3016 1106 3086 lucem
1128 3021 1316 3104 protraxit,
1352 3041 1441 3086 nus-

345 3139 456 3204 quam
485 3125 559 3186 tam
581 3122 769 3206 perspicue
791 3119 961 3206 prodidit.
984 3121 1215 3191 Antisthenis
1240 3121 1443 3192 doctrinam

346 3225 510 3290 omnium
560 3225 715 3290 maxime
756 3225 982 3312 probabilem
1029 3227 1099 3295 sibi
1139 3225 1261 3297 videri.
1319 3225 1439 3306 Ratio.

344 3347 453 3412 quam
477 3325 634 3408 adhibet,
657 3327 765 3414 plane
790 3328 926 3415 Cynica
950 3337 1019 3397 est:

509 3499 699 3586 Xenopho.
1056 3506 1303 3574 Antisthenes

390 3628 417 3688 1.
464 3621 585 3690 Labor
626 3623 762 3691 bonum
801 3631 865 3704 est,
962 3625 1084 3710 Diog.
1114 3627 1254 3695 Laert.
1285 3625 1344 3695 VI.
1391 3624 1443 3690 καὶ

345 3728 478 3812 quippe
512 3728 574 3812 qui
606 3726 771 3794 homines
819 3727 864 3796 ad
918 3725 962 3792 du
985 3728 1000 3792 ὁ
1027 3730 1114 3803 πόνος
1149 3730 1262 3815 ἀγαθὸν
1285 3731 1443 3814 συνέστησε

343 3829 546 3899 libertatem
569 3830 747 3917 perducat.
918 3837 966 3896 διὰ
1004 3840 1055 3897 τοῦ
1097 3835 1226 3919 μεγάλου
1256 3833 1442 3922 Ἡρακλέους

536 3992 538 3996 .
917 3935 967 4001 καί
990 3943 1040 4002 τοῦ
1066 3937 1173 4024 Κόρου.

388 4059 417 4122 2·
465 4061 566 4132 117.
615 4053 692 4118 ἀλλὰ
735 4055 798 4139 γὰρ,
845 4051 868 4117 ὧ
962 4059 1149 4148 Euthyd.
1174 4085 1207 4150 p.
1234 4055 1442 4132 291310

343 4158 503 4244 Σώκρατες,
538 4159 564 4222 οί
600 4159 640 4230 εἷς
673 4158 725 4241 τήν
755 4161 866 4242 βασιλι-
919 4162 951 4228 δὲ
983 4165 1019 4248 δη
1048 4165 1099 4248 την
1128 4167 1281 4251 βασιλικὴν
1310 4165 1441 4240 ἐλθόντες

342 4264 397 4347 νην
435 4263 539 4350 τέχνην
580 4261 795 4347 παιδευόμενοι,
829 4259 865 4347 ἣν
918 4268 1023 4355 τέχνην
1088 4268 1138 4334 καί
1198 4271 1442 4358 διασκοπούμενοι

343 4368 438 4439 δοκεῖς
469 4392 517 4461 μοι
557 4368 591 4431 οδ
615 4365 740 4452 νομίζειν
768 4367 866 4433 εὐδαι-
920 4371 1018 4457 αὐτην,
1065 4375 1090 4437 εἰ
1136 4372 1209 4460 αὕτη
1248 4374 1294 4461 εἴη
1332 4376 1351 4463 ἡ
1390 4378 1441 4462 την

343 4469 445 4556 μονίοιν
469 4470 551 4534 εἶναι.
920 4475 1105 4562 εὐδαιμονίαν
1134 4479 1366 4568 ἀπεργαζομένη,
1397 4485 1444 4548 ἐν·
