3246 5252
867 521 909 584 42

342 703 508 788 αἱρεθέντας
542 702 611 770 οὐδὲ
645 703 710 778 τοὺς
744 704 844 789 κλήρῳ
878 704 1023 790 λαχόντας
1048 703 1116 770 οὐδὲ
1149 706 1216 777 τούς
1246 705 1441 790 βιασαμένους

340 807 409 872 οὐδὲ
432 809 497 880 τούς
521 808 766 892 ἐξαπατήσαντας,
790 807 867 873 ἀλλὰ
890 810 1186 897 schematum
1210 804 1318 895 ἄρχειν.
1330 809 1357 891 ¹)

429 913 500 982 Sed
523 914 630 998 longe
665 915 709 982 ab
746 937 786 983 eo
822 913 1028 1000 discrepans
1066 923 1106 982 ut
1141 935 1264 982 omnes
1296 933 1434 1000 semper

273 1029 276 1034 ’
342 1019 475 1103 ubique
499 1017 640 1102 legibus
664 1025 829 1105 parerent
866 1021 1041 1106 poposcit,
1076 1039 1145 1104 quo
1170 1017 1262 1086 nihil
1297 1021 1436 1102 gratius

342 1121 412 1189 diis
430 1143 507 1190 esse
519 1131 651 1208 posset.
663 1123 690 1200 ²)
736 1123 869 1190 Iterum
887 1125 1086 1208 iterumque
1098 1125 1239 1208 pressit,
1257 1121 1437 1190 Socratem

342 1248 527 1313 nunquam
564 1235 687 1295 contra
716 1225 813 1310 leges
846 1245 1022 1312 peccasse,
1056 1225 1119 1295 sed
1148 1225 1308 1313 pericula
1332 1227 1437 1312 atque

341 1339 491 1399 mortem
526 1331 645 1399 subire
680 1331 866 1406 maluisse,
914 1352 1021 1417 quam
1062 1334 1106 1400 iis
1152 1354 1225 1401 non
1261 1329 1434 1400 oboedire.

342 1434 438 1516 Quin
462 1439 569 1504 etiam
594 1458 633 1503 eo
657 1439 841 1522 processit,
865 1444 906 1504 ut
928 1437 1045 1520 legem
1069 1435 1164 1504 idem
1188 1435 1305 1504 valere
1330 1440 1435 1520 atque

342 1542 518 1608 iustitiam
543 1538 790 1608 contenderet:
828 1540 957 1628 Cyrop.
981 1541 998 1608 I
1022 1545 1052 1619 3,
1079 1545 1140 1607 tr..
1163 1537 1228 1602 ἐπεὶ
1251 1537 1285 1615 δ’,
1316 1537 1382 1624 ἔφη,
1405 1537 1436 1600 τὸ

344 1642 395 1726 μὲν
419 1641 538 1727 νόμιμον
573 1640 684 1705 δίκαιον
718 1642 800 1718 εἶναι,
830 1644 862 1707 τὸ
886 1643 918 1710 δὲ
949 1639 1056 1728 ἄνομον
1086 1641 1187 1728 βίαιον,
1224 1645 1274 1707 οὐν
1297 1648 1338 1728 τῷ
1358 1640 1438 1727 νόμῳ

346 1746 482 1810 ἐκέλευεν
505 1744 552 1811 risi
575 1746 623 1809 τὸν
647 1748 784 1832 δικαστὴν
803 1748 854 1833 τὴν
878 1755 975 1834 ψῆφον
997 1748 1137 1812 τίθεσθαι.
1172 1747 1288 1828 Quam
1312 1745 1436 1814 defini-

311 1837 312 1844 *
343 1855 478 1920 tionem
502 1855 539 1919 in
564 1851 669 1920 Mem.
695 1853 785 1920 [Vr
809 1852 933 1922 multis
957 1855 1180 1936 argumentis·
1195 1851 1316 1919 allatis
1341 1873 1437 1920 corn-

345 1957 496 2041 probare
514 1957 670 2026 studuit:
695 1957 848 2044 Hippias
873 1958 1038 2044 sophista
1057 1943 1119 2025 diu
1133 1957 1287 2024 Athenis
1306 1956 1435 2023 absens

345 2059 382 2128 in
407 2062 530 2130 urbem
566 2063 670 2131 rediit
706 2071 740 2131 et
764 2061 945 2132 Socratem
978 2062 1020 2130 de
1043 2060 1171 2130 iisdem
1195 2062 1313 2137 rebus,
1349 2079 1436 2144 quas

347 2172 453 2232 antea
486 2173 709 2246 tractaverat,
742 2166 1006 2254 colloquentem
1026 2169 1028 2172 ’
1045 2165 1154 2235 audit.
1213 2163 1439 2250 Quapropter

344 2291 427 2338 eum
451 2269 586 2358 deridet
610 2280 643 2340 et
667 2275 786 2358 ipsum
818 2295 950 2343 novam
974 2272 1227 2356 melioremque
1252 2271 1436 2339 scientiam

346 2372 388 2441 de
424 2377 582 2444 iustitiae
603 2383 739 2445 natura
774 2400 812 2445 se
842 2381 950 2446 iactat
984 2378 1175 2445 inuenisse.
1222 2373 1438 2457 Priusquam

344 2485 463 2546 autem
487 2480 642 2564 proferat
666 2503 753 2562 eam,
778 2481 959 2551 Socratem
984 2480 1071 2567 quid
1094 2480 1216 2548 dehac
1239 2501 1275 2547 re
1293 2481 1435 2556 sentiat,

345 2589 386 2649 ut
404 2584 473 2651 sibi
494 2582 656 2670 explicet,
682 2585 900 2654 adhortatur.
948 2585 1018 2666 eui
1031 2583 1276 2654 definitionem
1295 2585 1438 2650 statuto

283 2765 287 2773 ¹
344 2685 459 2770 legem
483 2709 560 2756 esse
589 2691 777 2758 iustitiam:
817 2688 892 2774 φημὶ
926 2691 980 2774 γὰρ
1015 2689 1073 2772 ἐγὼ
1104 2689 1135 2751 τὸ
1170 2687 1289 2772 νόμιμον
1322 2684 1432 2750 δίκαιον

345 2789 418 2852 εἶναι
454 2794 482 2871 (ξ
507 2797 568 2867 42).
627 2792 720 2862 Nam
756 2798 818 2879 qui
854 2791 1054 2862 secundum
1088 2793 1187 2878 leges
1212 2795 1322 2870 vivat,
1357 2812 1436 2858 eum

345 2898 482 2963 iustum
506 2918 594 2974 esse,
619 2900 680 2982 qui
706 2906 825 2966 autem
848 2897 1017 2983 neglegat
1040 2919 1110 2976 eas,
1135 2888 1323 2975 iniustum,
1349 2916 1455 2980 quo--

345 3003 442 3087 niani
468 3004 593 3086 optimi
609 3023 708 3084 reges
722 3001 899 3071 ducantur
921 3006 957 3080 ii,
983 3005 1044 3088 qui
1064 3003 1215 3079 civibus,
1240 3007 1279 3068 ut
1295 3000 1435 3084 legibus

344 3113 529 3195 parerent,
574 3110 826 3192 persuaserint.
897 3106 972 3175 Sub
1024 3104 1133 3172 finem
1180 3104 1435 3191 disputationis

344 3207 504 3293 loquitur
521 3209 684 3278 Socrates
710 3209 752 3278 de
774 3210 928 3296 legibus
953 3231 1044 3297 quae
1068 3232 1141 3278 non
1166 3211 1209 3279 ab
1228 3208 1435 3278 hominibus

345 3316 507 3398 scriptae,
544 3314 606 3383 sed
638 3336 658 3381 a
688 3314 756 3384 diis
781 3318 869 3401 ipsis
896 3314 999 3382 datae
1023 3318 1097 3383 sint
1122 3335 1270 3400 eamque
1294 3313 1339 3381 ob
1363 3333 1435 3380 rem

241 3448 244 3452 >
346 3419 392 3486 ab
418 3421 585 3488 omnibus
609 3419 831 3488 uenerabiles
855 3423 975 3506 putari
1000 3418 1163 3487 debeant.

432 3522 541 3590 Recte
563 3523 750 3592 Krohnius
774 3526 925 3600 monuit,
959 3524 1048 3591 haec
1071 3522 1204 3608 placita
1235 3543 1256 3588 a
1280 3521 1437 3590 Socratis

347 3628 507 3696 doctrina
537 3650 682 3714 prorsus
719 3628 914 3696 abhorrere.
963 3627 1053 3695 Nam
1086 3626 1196 3694 talem
1226 3625 1269 3693 de
1297 3626 1438 3694 iustitia

345 3732 591 3800 definitionem
623 3754 704 3799 eum
731 3754 806 3801 non
840 3735 1010 3799 statuisse
1034 3739 1143 3798 testes
1180 3736 1266 3798 sunt
1297 3730 1436 3813 gravis-

347 3841 429 3906 simi
464 3835 632 3923 discipuli
667 3840 742 3903 eius
777 3835 881 3906 Plato
916 3843 950 3902 et
984 3836 1238 3911 Antisthenes,
1278 3836 1340 3919 qui
1374 3835 1440 3922 iter

237 3997 240 4003 .
345 3941 452 4027 plane
482 3940 662 4008 diversum
697 3943 848 4024 ingressi
884 3948 977 4007 sunt.
1047 3940 1108 4006 An
1144 3937 1337 4020 verisimile
1375 3941 1439 4014 est,

434 4219 454 4285 ²)
473 4219 510 4274 cf.
531 4218 587 4274 Dic
608 4217 763 4286 Ghrysosi.
782 4217 827 4273 IV
847 4221 897 4274 150
908 4215 943 4272 R.
985 4231 988 4238 ’

434 4306 453 4373 ²)
473 4303 624 4366 Mem-,IV
643 4309 667 4372 3,
689 4310 728 4360 16.
767 4301 828 4377 ὁρᾶς
855 4302 902 4376 γὰρ
932 4298 969 4356 ὅτι
998 4300 1010 4356 ὃ
1037 4304 1062 4355 ἐν
1089 4298 1198 4374 Δελφοῖς
1224 4297 1288 4364 θεός,
1322 4293 1383 4352 ὅταν
1402 4316 1441 4356 τις

346 4389 424 4446 αὑτὸν
444 4395 562 4465 ἐπερωτᾷ
580 4397 632 4450 πῶς
652 4389 681 4444 ἂν
701 4397 754 4450 τοῖς
773 4391 839 4450 teor:
859 4391 998 4464 χαρίζοιτο,
1029 4384 1211 4460 ἀποκρίνεται·
1239 4384 1311 4460 νόμῳ
1331 4381 1439 4442 πόλεως.

345 4478 383 4538 cf.
403 4479 418 4538 I
437 4483 461 4548 3,
483 4485 505 4535 1.

1501 4497 1556 4528 N.
