3246 5252
630 566 727 629 ‚63

158 751 256 835 ποίσης
280 750 331 836 μὲν
354 748 523 834 ἐπιστήμης,
547 751 642 835 πάσης
666 749 698 814 δὲ
721 750 825 837 τέχνης
848 749 963 835 ήηείται
985 775 1016 814 τε
1039 747 1101 835 ἅμα
1123 749 1256 824 καὶτοὺς

159 854 292 920 καθόλου
315 852 597 940 λόγουςισονείλημε
623 855 678 934 (cf.
704 877 737 942 p.
758 853 887 932 1851)).
927 856 1020 923 Eum
1038 854 1168 934 solum,
1192 859 1256 942 qui

161 983 199 1028 se
232 963 351 1047 ipsum
385 962 406 1028 i.
438 982 464 1027 e.
502 981 605 1028 suam
639 967 803 1028 naturam
838 962 1086 1044 cognovisset,
1132 981 1255 1030 veram

161 1068 358 1144 seientiam,
383 1086 473 1151 quae
497 1062 702 1132 felicitatem
714 1065 910 1150 praeberet,
936 1063 1255 1152 adipisci·posse.¹)
1306 1079 1309 1086 '

161 1168 241 1251 Qua
264 1171 467 1253 cognitione
498 1190 571 1237 una
606 1166 707 1248 effici,
742 1172 784 1236 ut
807 1167 954 1237 divitiae
978 1167 1147 1236 valetudo
1172 1168 1255 1249 alia,

161 1295 251 1359 quae
267 1272 376 1356 vulgo
393 1274 490 1342 bona
507 1272 684 1352 dicuntur,
698 1271 884 1342 commodo
903 1274 1008 1342 nobis
1026 1279 1157 1354 essent,
1171 1295 1254 1343 cum

161 1380 206 1444 iis
230 1384 321 1445 recte
345 1381 399 1445 uti
423 1378 481 1457 vel
504 1378 610 1446 utilia
635 1387 798 1464 appetere
832 1384 868 1445 et
903 1375 997 1445 male
1032 1376 1151 1461 sugere
1187 1399 1256 1446 nos

162 1480 302 1551 doceret
347 1482 394 1564 (ν.
431 1480 523 1549 Plat.
558 1481 718 1567 Euthyd.
754 1504 798 1576 p..
824 1486 888 1550 280
911 1482 1061 1550 13-281
1086 1481 1137 1557 E).
1197 1481 1255 1550 Ex
1350 1517 1354 1524 ·

162 1607 340 1654 consensu
384 1584 640 1671 Xenophontis
688 1608 768 1654 cum
813 1586 1043 1655 Antisthenis
1092 1585 1257 1653 doctrina

162 1689 264 1758 facile
309 1692 416 1757 otiam
452 1688 652 1776 explicatur
685 1689 929 1761 memorabilis
974 1689 1039 1759 illa
1077 1693 1258 1758 sententia

162 1803 179 1872 ἐ
208 1799 249 1864 33
278 1800 436 1871 statute,
482 1815 526 1860 ne
562 1797 775 1884 sapientiam
812 1795 955 1881 quidem
991 1793 1156 1864 absolute
1190 1816 1256 1881 pro

160 1900 257 1970 bono
281 1897 486 1968 habendam
511 1919 598 1966 esse.
646 1897 744 1979 Quae
770 1903 902 1987 optime
927 1900 1078 1986 quadrat
1110 1904 1147 1968 in
1170 1900 1254 1986 phi-

160 2004 370 2091 losophiam
407 2004 639 2090 Cynicorum,
685 2007 746 2090 qui
791 2027 894 2072 suam
929 2007 1115 2073 scientiam
1145 2007 1257 2074 ,unice

161 2129 282 2179 veram
305 2129 383 2177 esse
407 2108 591 2178 docebant.
639 2108 927 2177 Praeclarissime
951 2109 1111 2176 illustrat
1146 2117 1253 2196 atque

162 2212 351 2283 confirmat
385 2214 478 2281 hanc
515 2215 719 2298 opinionem
745 2212 924 2297 Diogenes
948 2211 1161 2298 Sinopensis
1198 2233 1252 2298 ap.
1306 2279 1308 2301 ⁴

161 2318 265 2401 Diog.
302 2317 487 2404 Chrysost.
524 2317 614 2384 XHI
648 2339 680 2403 p.
706 2322 769 2386 428
793 2317 827 2384 R
859 2339 935 2404 sqq,
971 2321 1033 2404 qui
1066 2315 1257 2402 perisimili

161 2426 311 2501 ratione,
336 2443 407 2508 qua
429 2421 621 2508 Xenopho
657 2420 889 2501 demonstrat,
922 2425 1108 2490 seientiam
1131 2441 1194 2508 per
1218 2443 1255 2488 sc

159 2529 295 2597 bonam
329 2535 403 2595 non
434 2548 522 2601 esse,
555 2529 699 2612 quippe*
722 2548 811 2613 quae
847 2528 1055 2612 saepissime
1090 2526 1256 2595 homines

161 2636 277 2700 iures
302 2630 472 2698 adversas
496 2630 624 2698 inferat
648 2637 682 2697 et
694 2621 925 2699 Palamedem
939 2633 1059 2718 ipsum
1076 2629 1256 2716 supplicio

164 2733 334 2804 affecerit:
370 2731 419 2797 καί
443 2735 490 2799 τὸν
516 2733 698 2818 Παλαμήδην
722 2733 806 2798 οὐδὲν
829 2730 939 2818 ὤνησεν
963 2733 1050 2798 αὐτὸν
1074 2732 1195 2819 εὑρόντα
1219 2731 1254 2796 τὰ

161 2839 318 2925 ηροίμματα
341 2837 410 2924 πρὸς
433 2840 465 2902 τὸ
490 2839 530 2923 μή
554 2837 660 2910 ἀδικῶς
696 2837 750 2902 ὑπὸ
784 2845 837 2902 τῶν
863 2837 987 2925 Ἀχαιῶν
1017 2844 1070 2902 τῶν
1095 2837 1139 2901 ὑπ’
1166 2836 1257 2900 αὐτοῦ

162 2944 373 3008 παιδευθέντων
401 2943 638 3007 καταλευσθέντα
670 2941 832 3007 ἀποθανεῖν.
877 2943 917 3011 ef.
942 2943 1048 3012 Mem.
1073 2942 1124 3011 IV
1148 2947 1178 3021 2,
1203 2947 1255 3010 33.

161 3049 197 3113 τοὶ
221 3049 253 3112 δὲ
277 3047 475 3132 Παλαμήδους
502 3047 555 3112 οὐκ
578 3047 708 3133 ἀκήκοας
732 3047 825 3130 πάθης
859 3053 958 3112 τοῦτον
993 3048 1048 3134 ηαλμ
1079 3047 1115 3130 δή
1151 3046 1256 3118 πάντες

163 3153 296 3238 ὑμνοῦσιν
318 3153 357 3225 ὡς
380 3153 435 3216 διὰ
454 3152 556 3238 σοφίαν
584 3151 735 3238 φθονηθεὶς
760 3151 814 3215 ὑπὸ
830 3158 883 3215 τοῦ
903 3150 1069 3224 Ὀδυσσέως
1085 3151 1258 3214 ἀπόλλυται.

163 3257 267 3341 Quod
291 3262 398 3327 etiam
414 3259 668 3327 Antisthenem
692 3258 858 3326 docuisse
881 3259 984 3324 testis
1010 3256 1256 3341 estXenopho

162 3368 253 3452 ipse:
305 3387 331 3431 V.
370 3363 480 3431 Conv.
505 3362 558 3430 ΙΙΙ
592 3369 612 3430 4
664 3359 713 3424 καί
746 3359 761 3424 δ
793 3360 976 3444 Ἀντισθένης
1011 3360 1088 3424 εἷπε·
1133 3358 1257 3444 πότερον

160 3468 265 3555 τέχνην
287 3467 355 3531 ’τινοὶ
383 3466 560 3552 βαναυσικήν
576 3463 595 3550 ή
611 3463 834 3549 καλοκάγαθίαν
854 3462 1014 3544 διδαίσκων;
1039 3465 1063 3528 εἰ
1088 3461 1257 3546 καλοκάηα·

163 3565 213 3634 θία
248 3569 322 3634 ἐστίν
345 3569 374 3654 ἡ
409 3569 586 3653 δικαιοσύνη.
621 3607 662 3613 —-
693 3569 727 3652 νή
761 3567 808 3632 Δί’
840 3568 897 3653 ἔφη
922 3567 1147 3650 ὁῖλντισθένης,
1179 3563 1259 3650 ήγε

162 3663 443 3762 ἀναμφιλοηιυτοίτη·
477 3673 592 3738 ἐπείτοι
627 3671 786 3759 ἀνδρεία
816 3672 882 3756 μὲν
916 3671 978 3737 καί
1010 3670 1122 3758 σοφία
1154 3669 1258 3734 ἔστιν

162 3777 227 3844 ὅτε
256 3779 422 3866 βλαβεροὶ
456 3776 518 3842 καὶ
549 3776 676 3864 φίλοις
705 3775 769 3840 καί
802 3777 913 3841 πόλει
948 3779 1056 3840 δοκεῖ
1089 3775 1200 3841 εἶναι,
1236 3772 1258 3858 ή

162 3883 194 3948 δὲ
217 3884 385 3968 δικαιοσύνη
409 3881 477 3948 οὐδὲ
501 3881 564 3947 καθ’
590 3883 620 3945 ἓν
645 3880 833 3966 συμμίγνυται
856 3888 893 3968 τῇ
917 3879 1024 3966 ἀδικία.
1227 3869 1230 3878 ’

249 3989 319 4058 Sed
337 3989 433 4076 quid,
457 3988 566 4069 dieas,
590 4009 657 4057 nos
674 3985 833 4074 impedit.
852 3990 1045 4073 quominus
1063 3994 1255 4071 utrumque

160 4095 254 4164 hanc
294 4092 523 4180 disciplinam
563 4113 583 4160 a
624 4091 768 4160 Socrate
806 4095 980 4178 recepisse
1019 4089 1258 4158 censeamus?

163 4198 274 4267 Ouius
298 4202 349 4266 rei
373 4206 622 4282 argumentum
646 4197 751 4265 nobis
780 4197 926 4282 praebet
949 4195 1113 4263 Platonis
1140 4192 1254 4261 Chae-

161 4303 284 4371 mides
333 4302 532 4381 Consensu
557 4324 662 4388 quem
685 4305 777 4369 inter
793 4301 1074 4385 Xenophontem
1098 4307 1132 4365 et
1155 4297 1254 4365 hunc

249 4513 267 4575 ¹)
286 4529 313 4569 ν.
332 4511 430 4568 Iulian
450 4529 489 4568 or.
510 4507 554 4566 VI
572 4527 600 4580 p.
621 4515 670 4566 193
683 4509 719 4566 D.
