3246 5252
872 540 913 628 ν

341 734 450 812 atque
488 725 626 804 refutat,
661 725 842 813 Xenopho
880 724 1051 796 defendit¹
1073 734 1107 794 et
1142 725 1187 794 ad
1220 730 1440 798 sententiam

342 851 448 898 suem
486 830 770 900 confirmandam
807 829 941 900 eisdem
983 831 1054 899 fere
1098 831 1272 918 exemplis
1312 835 1436 912 utitur,

343 955 434 1022 quae
479 937 517 1001 in
551 934 687 1022 Hippio
727 946 869 1022 quoque
914 934 1094 1019 leguntur,
1161 933 1212 1003 Ut
1258 935 1434 1015 ostendat,

342 1038 535 1128 pulchrum
559 1037 734 1108 dissimile
758 1061 847 1116 esse,
871 1041 1053 1108 hominem
1076 1039 1226 1127 pulchre
1239 1047 1438 1109 currentem

343 1151 526 1230 comparat
549 1165 631 1210 oum
654 1143 800 1212 homine
822 1143 972 1231 pulchre
995 1143 1153 1212 luctante
1178 1147 1206 1225 (i
1224 1147 1291 1224 14).
1338 1144 1438 1214 Idem

345 1248 550 1336 exemplum
578 1247 771 1334 eodemque
794 1249 864 1316 fere
887 1249 996 1318 verbe
1031 1251 1236 1317 invenimus
1267 1251 1305 1316 in
1328 1247 1436 1334 Hipp.

318 1375 376 1440 ·p.
402 1357 466 1420 295
490 1352 531 1420 C:
589 1350 693 1415 οὐκοῦν
730 1350 779 1416 καὶ
813 1353 845 1416 τὸ
882 1349 949 1416 ὅλον
981 1358 1064 1436 σῶμα
1094 1348 1171 1416 οὕτω
1194 1352 1322 1436 ,λέγομεν
1350 1352 1441 1416 καλὸν

345 1456 427 1532 εἶναι,
451 1457 482 1520 τὸ
507 1455 558 1542 μὲν
582 1456 651 1542 πρὸς
675 1455 789 1542 δρόμον,
814 1457 845 1520 τὸ
870 1455 902 1520 δὲ
921 1456 992 1542 πρὸς
1007 1456 1111 1539 πάλην,
1132 1462 1192 1522 κτλ,
1227 1458 1438 1544 Aristippus

344 1560 528 1631 Socratem
551 1560 708 1630 illudens
734 1565 940 1646 interrogat,
961 1559 1199 1648 pulchrumne
1218 1560 1337 1629 credat
1361 1583 1439 1630 esse

344 1668 486 1735 corbem
522 1669 787 1735 stercorarium:
842 1673 859 1744 ἓ
895 1671 922 1734 6.
949 1661 1009 1750 ⁴rip
1044 1659 1102 1740 οὖν,
1138 1663 1205 1749 ἔφη,
1239 1663 1290 1729 καὶ
1324 1664 1441 1751 κόφινος

344 1768 525 1856 κοπροφόρος
559 1768 649 1832 καλόν
681 1772 756 1848 ἐστι,
802 1769 849 1852 Νὴ
880 1768 947 1845 Δί’,
983 1769 1049 1855 ἔφη,
1084 1767 1133 1832 καὶ
1163 1775 1259 1856 χρυσῆ
1286 1793 1320 1853 γε
1354 1767 1441 1841 ἀσπὶς

344 1873 474 1960 αἰσχρόν,
506 1873 556 1937 ἐὰν
579 1873 650 1958 πρὸς
672 1873 707 1936 τὰ
732 1875 840 1937 ἑαυτῶν
868 1871 939 1957 ἔργα
963 1872 978 1937 ὁ
1003 1873 1054 1958 μὲν
1076 1879 1172 1946 καλῶς
1196 1873 1390 1958 πεποιημένος
1413 1868 1443 1959 ᾗ,

343 1977 365 2060 ἡ
398 1977 430 2040 δὲ
464 1982 569 2049 κακῶς.
627 1976 745 2046 Simili
779 1977 886 2048 modo
923 1980 1086 2062 ignotum
1122 1977 1227 2048 illum
1255 1980 1441 2049 hominem

344 2083 509 2151 Socrates
541 2071 611 2151 sibi
645 2080 750 2166 fingit
785 2104 805 2150 a
837 2105 874 2151 se
910 2087 1158 2170 quaesiturum
1196 2105 1283 2165 esse,
1318 2082 1440 2168 πότερον

344 2187 470 2271 πρέπει.
494 2236 500 2249 .
523 2235 530 2250 .
553 2183 622 2248 ὅταν
651 2211 692 2258 τις
715 2187 766 2270 τὴν
789 2186 907 2273 χύτραν,
936 2184 971 2270 ἣν
995 2183 1060 2271 ἄρτι
1083 2188 1230 2272 ἐλέγομεν,
1260 2188 1312 2271 τὴν
1335 2186 1438 2271 καλήν,

343 2291 412 2376 ἕψῃ,
447 2290 543 2362 ἔτνους
577 2296 670 2355 καλου
704 2290 827 2375 μεστήν,
861 2297 957 2378 χρυσῆ
991 2291 1095 2377 τορύνη
1128 2291 1204 2378 αὐτῇ
1234 2289 1253 2375 ἢ
1293 2289 1436 2374 ουκίνη.1)

344 2396 455 2483 Apud
478 2395 667 2464 Platonem
692 2403 727 2463 ot
739 2395 1020 2481 Xenophontem
1033 2396 1185 2484 denique
1210 2396 1252 2465 de
1277 2398 1435 2482 quaesti-

344 2523 412 2569 one
424 2501 638 2588 disputatur‚
662 2523 749 2568 num
762 2499 914 2586 pulchra
938 2503 1045 2570 etiarn
1058 2504 1177 2587 turpia
1190 2523 1268 2568 esse
1284 2503 1439 2588 possint,

344 2611 382 2674 et
404 2613 554 2692 utroque
577 2604 655 2674 loco
681 2627 701 2672 a
726 2603 869 2673 Socrate
894 2603 1110 2673 affirmatur:
1135 2604 1224 2673 coni.
1250 2590 1356 2674 Mem.
1382 2609 1439 2684 §6

343 2732 426 2779 oum
448 2709 555 2796 Hipp.
579 2732 613 2796 p.
639 2714 702 2778 289
727 2708 763 2776 O.
815 2708 924 2784 ἔπειτα,
959 2707 1056 2792 φήσει,
1091 2707 1246 2793 ἐρωτηθεὶς
1280 2709 1312 2773 τὸ
1347 2709 1438 2772 καλὸν

345 2811 503 2898 ἀποκρίνει,
533 2809 548 2876 ὃ
571 2812 709 2900 τυγχάνει
732 2808 772 2888 ὄν,
803 2805 841 2885 cic
866 2811 952 2884 αὐτὸς
976 2812 1042 2898 φῄς,
1065 2810 1149 2875 οὐδὲν
1174 2817 1284 2896 μᾶλλον
1308 2811 1398 2876 καλὸν
1421 2809 1441 2896 ἢ

344 2916 481 3003 αἰσχρῶς
505 2916 591 2992 ἔοικε,
615 2917 710 3003 φήσω.

344 3089 472 3148 scientia
495 3088 621 3160 Hippiae
646 3107 700 3147 nos
725 3090 762 3147 de
786 3087 917 3148 Isocrate
944 3089 1073 3159 cogitare
1093 3092 1211 3158 cogunt,
1231 3087 1344 3158 quippe
1362 3104 1441 3158 quae

345 3195 406 3235 non
424 3182 484 3235 tam
503 3176 549 3234 illi
567 3194 658 3246 quarn
676 3176 818 3246 sophistis
836 3195 854 3234 a
872 3176 997 3234 Platone
1015 3175 1217 3234 attribuantur
1232 3179 1271 3244 (v.
1284 3174 1439 3244 Euthydl.

345 3265 483 3323 Fortasse
501 3265 538 3322 ad
556 3265 854 3332 Isocratem'speotat
872 3262 1009 3321 definitio
1027 3263 1080 3320 illa
1097 3281 1126 3333 p.
1142 3267 1191 3320 291
1204 3262 1239 3319 D.
1268 3264 1335 3335 λέγω
1354 3264 1439 3316 τοίνυν

345 3355 390 3406 καὶ
416 3355 493 3406 παντὶ
518 3355 561 3405 καὶ
588 3356 723 3425 πανταχοῦ
752 3349 888 3404 κάλλιστον
917 3352 981 3404 εἶναι
1008 3347 1085 3423 ἀνδρί,
1108 3351 1268 3403 πλουτοῦντι
1292 3345 1440 3420 ὑγιαίνοντι,

346 3442 486 3511 τιμωμένῳ
513 3435 562 3492 ὑπο
585 3443 634 3490 τῶν
656 3435 800 3509 Ἑλλήνων,
826 3435 978 3510 ἀφικομένῳ
1005 3439 1040 3496 εἰς
1058 3442 1146 3510 γῆρας,
1172 3434 1232 3495 τοὺς
1252 3433 1331 3490 αὑτοῦ
1350 3438 1443 3507 γονέας

344 3524 550 3598 τελευτήσαντας
576 3527 662 3585 καλῶς
685 3526 878 3598 περιστείλαντι,
905 3521 954 3578 ὑπὸ
978 3529 1027 3577 τῶν
1053 3520 1134 3577 αὑτοῦ
1162 3519 1274 3593 ἐκγόνων
1294 3523 1379 3582 καλῶς
1397 3523 1443 3576 καὶ

347 3615 548 3685 μεγαλοπρεπῶς
575 3616 697 3682 ταφῆναι.
743 3611 802 3669 Sed
829 3611 902 3669 haee
930 3628 1050 3681 quoque
1076 3627 1200 3668 necesse
1227 3627 1288 3666 non
1324 3613 1371 3667 esi
1403 3607 1443 3666 ad

346 3698 433 3756 iilum
451 3699 606 3764 referatur,
635 3697 777 3767 quoniam
794 3715 860 3755 eam
878 3715 945 3756 esse
964 3715 1153 3755 communem
1173 3695 1354 3755 Graecorum
1373 3712 1441 3754 sen-

345 3785 471 3844 tentiam
495 3784 707 3842 Duemmlerus
731 3784 796 3854 ipse
821 3786 942 3842 latetur.
978 3783 1157 3842 Rectissime
1180 3788 1281 3841 autem
1308 3782 1443 3841 ostendit

349 3873 387 3942 (p.
419 3877 467 3930 182
496 3871 588 3941 sqq),
617 3871 840 3940 definitionem,
867 3889 925 3941 qua
950 3872 1087 3928 Socrates
1111 3869 1217 3928 ultimo
1244 3869 1310 3927 loeo
1337 3869 1444 3927 statuit

345 3977 374 4030 p.
385 3964 435 4016 205
445 3958 606 4028 pulchrum
621 3975 688 4016 esse
709 3957 739 4012 τὸ
758 3954 785 4011 δι’
808 3955 889 4029 ἀκοῆς
907 3978 935 4012 τε
954 3961 997 4011 καὶ
1017 3953 1101 4030 ὅψεως
1120 3953 1176 4028 ἡδύ,
1194 3955 1232 4012 ad
1249 3955 1439 4026 Aristippum

291 4105 295 4113 ,
343 4046 533 4104 referendam
551 4061 624 4102 esse.
670 4043 767 4103 Valde
785 4043 883 4114 miror,
913 4045 992 4114 quod
1016 4044 1161 4101 Weberus
1186 4043 1243 4101 hoc
1266 4060 1327 4101 non
1355 4041 1439 4106 vidit,

345 4133 443 4201 magis
461 4133 558 4202 etiem,
580 4131 660 4202 quod
678 4131 789 4190 iterum
806 4131 1018 4190 Antisthenem
1037 4130 1119 4200 tangi
1139 4130 1196 4188 sibi
1214 4129 1311 4187 finxit.

435 4222 456 4288 ¹)
475 4219 566 4289 Hipp·
585 4239 614 4290 p.
633 4219 730 4278 2901).
768 4220 862 4277 2880.
891 4303 896 4312 γ

740 4429 1050 4446 —p———-—
