3246 5252
710 517 752 582 65

176 701 268 766 οὐδὲν
300 701 420 772 δέονται,
440 699 609 787 χρημάτων,
639 699 803 786 ἀργυρίδιον
833 689 892 764 καλ
910 699 1057 788 χρυσίδιον
1080 701 1128 765 τὸν
1151 709 1276 768 πλοῦτον

178 806 405 882 ἀποκαλοῦντες,
441 811 543 891 μικροῦ
577 805 610 869 δὲ
644 806 762 890 κέρδους
799 803 968 890 ὀρεγόμενοι
1003 805 1089 889 μόνον
1120 805 1173 870 οὐκ
1203 807 1275 873 ἀθα-

179 910 284 982 νάτους
311 897 534 997 ’ὑπισχνοῦνται
579 910 644 982 τούς
690 909 825 982 συνόντας
871 910 1040 993 sordeat&
1070 899 1072 906 ,
1098 911 1138 979 cl.
1187 913 1272 1000 LyS.

179 1039 215 1103 p.
238 1016 357 1084 218Α,
401 1015 449 1079 διὰ
483 1021 574 1079 ταῦτα
609 1015 645 1098 δὴ
681 1017 787 1100 φαῖμεν
822 1011 857 1078 ἀν
891 1001 941 1078 καὶ
974 1014 1040 1086 τοὺς
1074 1009 1131 1098 ἤδη
1167 1019 1275 1102 σοφοὺς

180 1120 288 1204 μηκέτι
333 1122 520 1206 φιλοσοφεῖν,
569 1117 627 1183 εἴτε
670 1117 729 1184 θεοὶ
777 1117 835 1182 εἴτε
886 1117 1032 1204 ἄνθρωποί
1052 1155 1054 1158 ·
1075 1121 1145 1182 εἰσιν
1188 1117 1275 1184 οὗτοι.

184 1224 323 1292 Certius
359 1223 570 1310 disciplinae
594 1226 869 1293 Antisthenicae
901 1228 1094 1309 vestigium
1131 1234 1272 1313 praesto

177 1337 237 1398 est
259 1353 291 1416 p.
303 1330 422 1398 .161-B.
459 1328 526 1392 τόδε
549 1329 582 1392 δὲ
598 1329 719 1414 σκέψαι,
743 1328 769 1392 τί
793 1354 838 1393 σοι
858 1330 939 1392 δοκεῖ
954 1329 1026 1392 εἶναι
1042 1328 1107 1416 περὶ
1125 1331 1275 1417 σωφροσύ-

181 1459 239 1516 νης.
273 1428 337 1518 ἀρτι
359 1433 414 1518 γολρ
431 1431 617 1516 ἀνεμνήσθην
633 1427 648 1495 ὃ
665 1427 722 1516 ἤδη
739 1457 789 1496 του
805 1429 918 1516 ἤκουσα
934 1434 1076 1517 λέγοντος,
1100 1431 1143 1499 ὅτι
1160 1460 1274 1522 σωφρο-

178 1538 252 1620 σύνη
278 1535 322 1620 εἴη
345 1539 387 1600 τὸ·
402 1537 437 1601 τὰ
461 1539 568 1600 ἑαυτοῦ
591 1536 739 1623 πράττειν·
764 1538 865 1602 σκόπει
888 1533 938 1602 οὖν
961 1533 1044 1601 τοῦτο
1069 1540 1094 1602 εἰ
1118 1537 1207 1624 ὀρθῶς
1228 1567 1274 1604 σοι

173 1645 262 1705 ’δοκεῖ
287 1643 380 1726 λέγειν
411 1641 426 1706 ὁ
457 1642 557 1725 λέγων.
603 1640 652 1705 καὶ
677 1641 741 1725 ἐγώ,
773 1637 797 1704 ὦ
818 1641 912 1727 μιαρέ,
937 1641 1019 1728 ἔφην,
1045 1643 1164 1728 Κριτίου
1188 1649 1273 1708 τοῦδε

182 1744 312 1829 ἀκήκοας
342 1745 412 1810 αὐτὸ
436 1744 455 1830 ἢ
480 1744 571 1810 ἄλλου
592 1771 641 1809 του
664 1753 718 1810 τῶν
742 1753 846 1832 σοφῶν,
871 1769 961 1834 quae
985 1746 1145 1817 definitio
1170 1771 1273 1819 aceu-

181 1855 293 1919 ratius
318 1853 618 1920 circumscribitur
641 1874 674 1939 p.
703 1857 764 1920 163
777 1851 819 1919 D.
855 1846 879 1914 ὦ
901 1849 1012 1937 Κριτία,
1037 1847 1071 1935 ἦν
1095 1851 1117 1916 δ’
1137 1853 1203 1936 ἐγώ,
1224 1853 1273 1918 καὶ

178 1954 265 2026 εὐθὺς
296 1953 460 2042 ἀρχομένου
485 1981 536 2019 σου
552 1956 657 2042 σχεδὸν
680 1956 840 2040 ἐμάνθανον
863 1955 911 2019 τὸν
935 1955 1028 2040 λόγον,
1053 1953 1096 2020 ὅτι
1119 1958 1155 2021 τά
1179 1960 1272 2023 οἰκεῖοι

179 2063 282 2124 τεκαὶ
305 2060 341 2124 τὰ
366 2059 455 2125 αὑτοῦ
479 2058 579 2143 ἀγαθὰ
603 2058 732 2143 καλωίης.
778 2060 968 2129 Platonem
999 2062 1067 2129 hoc
1094 2061 1173 2130 loco
1198 2086 1272 2132 non

176 2186 285 2234 suam
309 2169 524 2233 sententiam
547 2163 741 2250 protulisse
766 2163 881 2233 elucet
904 2187 948 2233 ex
965 2165 1074 2234 Conv.
1099 2189 1132 2253 p.
1153 2167 1272 2248 203Ε,

181 2271 244 2338 ubi
267 2270 360 2338 hanc
391 2269 636 2337 definitionem
668 2271 711 2337 ab
738 2269 807 2338 alio
838 2277 1012 2338 statutam
1036 2292 1114 2338 esse
1137 2270 1272 2356 prodit;

178 2371 272 2460 quis
286 2382 405 2443 autem
429 2374 491 2443 ille
514 2374 630 2450 fuerit,
655 2372 836 2458 intellegis
861 2396 904 2442 ex
927 2365 1030 2458 Diog.
1056 2375 1184 2453 Laert,
1209 2378 1270 2462 qui

175 2467 432 2548 Antisthenem
478 2480 615 2548 bonum
660 2478 754 2547 idem
800 2501 878 2546 esse
925 2487 1030 2565 atque
1075 2484 1270 2566 proprium,

179 2582 315 2651 malum
351 2582 444 2652 idem
479 2592 585 2669 atque
621 2582 779 2651 alienum
814 2583 978 2652 docuisse
1014 2588 1179 2654 certiores
1204 2606 1270 2652 nos

179 2685 304 2770 facit.²)

265 2793 396 2876 Agitur
419 2795 456 2861 in
480 2793 548 2860 hoc
573 2791 717 2875 dialogo
743 2791 845 2860 deri
869 2800 976 2878 atque
1000 2800 1129 2860 natura
1156 2817 1270 2877 σωφρο-

175 2894 272 2980 σύνης.
316 2897 515 2983 Postquam
550 2917 570 2962 a
606 2895 796 2964 Charmide
820 2897 1019 2966 nonnullae
1044 2897 1269 2967 definitiones

179 3007 335 3069 statutae
364 3009 398 3068 et
428 3023 449 3068 a
480 3001 623 3069 Socrate
647 3001 821 3069 refutatae
849 3009 945 3078 sunt,
978 3001 1119 3079 Critias,
1144 3002 1269 3088 sophi-

180 3111 318 3172 starum
342 3104 552 3192 discipulus
577 3105 858 3192 disputationem
882 3109 1013 3192 excipit
1030 3114 1064 3174 et
1080 3105 1268 3191 σωφροσύνην

176 3207 313 3288 definit,
351 3206 400 3295 [ότι
435 3208 480 3292 εἴη
514 3211 550 3272 τοὶ
586 3212 691 3274 ἑαυτοῦ
725 3209 876 3296 πράττειν’,
913 3233 1021 3297 quam
1044 3214 1270 3291 sententiam,

177 3333 258 3382 oum
282 3314 525 3384 dubitationes
543 3313 699 3382 Socratis
724 3319 900 3385 sustinere
916 3323 1079 3401 nequeat,
1104 3317 1155 3382 ita
1172 3335 1268 3384 com·

177 3425 309 3485 mutat:
338 3418 394 3503 ttriu
417 3424 470 3481 τῶν
494 3417 613 3502 ἀγαθῶν
635 3425 735 3503 πρᾶξιν
759 3418 948 3506 σωφροσύνην
964 3417 1043 3482 εἶναι’
1069 3421 1117 3505 (p.
1137 3420 1267 3496 163E).

179 3519 250 3589 Sed
284 3522 377 3590 hanc
413 3545 553 3609 quoque
589 3531 684 3591 stare
718 3546 791 3592 non
822 3546 929 3611 posse
959 3527 1154 3601 convictus,
1188 3545 1268 3590 cum

176 3623 195 3710 ἡ
219 3631 318 3710 πρᾶξις
340 3631 395 3689 τῶν
418 3627 536 3711 ἀγαθῶν
560 3627 698 3695 nullius
721 3631 827 3714 pretii
844 3630 901 3707 Sil,
926 3650 1056 3698 novam
1076 3625 1270 3696 definiendi

178 3733 273 3798 viam
304 3731 502 3816 ingreditur
534 3738 569 3800 et
603 3731 791 3817 σωφροσύνην
828 3734 920 3801 nihil
952 3732 1051 3801 aliud
1082 3754 1159 3800 esse
1184 3753 1268 3800 con-

177 3834 293 3905 tendit
328 3840 399 3904 nisi
432 3836 465 3899 τὸ
499 3835 663 3919 γιγνώσκειν
698 3836 800 3898 ἑαυτόν
835 3840 882 3924 (p.
911 3842 974 3905 164
991 3837 1050 3917 D).
1106 3835 1269 3904 Socrates

176 3946 370 4027 antequam
399 3927 502 4008 hanc
522 3944 737 4026 opinionem,
769 3963 856 4009 num
886 3963 970 4008 vera
999 3945 1056 4018 sit
1089 3945 1267 4008 acuratius

175 4049 366 4126 examinat,
399 4067 479 4113 eum
508 4048 718 4128 interrogat:
747 4043 766 4128 ἡ
799 4045 971 4130 σωφροσύνη
1000 4044 1074 4116 τίνος
1105 4043 1179 4108 ἐστὶν
1208 4047 1269 4108 ἐπι-

263 4273 282 4340 ¹)
301 4271 336 4329 cf.
358 4271 531 4330 Reinbardt.
551 4271 588 4329 de
606 4271 750 4328 isocratis
769 4269 895 4328 aemulis
913 4289 941 4339 p.
960 4274 1002 4328 25.

263 4375 286 4446 ’λ
305 4395 333 4433 v.
352 4377 436 4446 Diog.
455 4375 553 4434 Laert.
572 4375 617 4432 VI
638 4381 678 4434 12.
709 4374 782 4444 Lys.
802 4393 830 4444 p.
850 4374 944 4432 2220.
974 4373 1079 4432 Zeller.
1099 4374 1129 4432 ll.
1153 4375 1185 4432 ll
1205 4379 1217 4431 l
1238 4392 1269 4443 p.

174 4469 236 4534 257,
256 4464 354 4522 adnot·
374 4469 398 4522 5.

1043 4571 1058 4624 5
