3246 5252
708 584 751 646 25

1276 715 1280 751 t
1371 766 1374 772 ,
1432 753 1436 764 ι

183 772 326 845 καὶτοὺς
356 773 552 859 προσέχοντας
587 773 698 846 τούτοις
731 771 751 858 6
786 773 852 846 τούς
887 772 940 848 ἐπὶ
969 774 1038 860 adep
1072 773 1122 838 καὶ
1159 774 1276 860 πλούτιρ

181 878 409 964 πεφυσημένους,
433 875 517 942 οὐδὲν
541 877 731 962 ματαιότερον
755 876 879 963 νομίζειν
903 877 1087 964 ἀνθρώπου.])

272 983 496 1064 Quibuscum
511 982 654 1069 plauitis
672 986 703 1050 si
716 988 976 1070 comparaveris
994 1006 1084 1072 quae
1095 984 1276 1071 Xenopho

182 1087 295 1168 docet,
318 1094 460 1156 tantum
484 1089 609 1156 abesse
632 1089 700 1156 tibi
721 1087 966 1174 persuadebis,
990 1096 1031 1157 ut
1054 1089 1141 1157 haeo
1165 1088 1275 1175 aOy-

183 1195 274 1260 niois
309 1191 570 1272 inconsiderate
605 1195 784 1278 receperit
820 1199 860 1259 ut
895 1195 1027 1261 aeriter
1054 1215 1095 1261 ea
1129 1191 1272 1280 impug-

182 1299 385 1365 naveritet
413 1296 575 1383 persalse
600 1317 677 1364 esse
712 1300 892 1400 statuerit:
929 1321 960 1365 v.
993 1303 1063 1376 §2
1099 1297 1278 1381 καταμαθὼν

182 1403 238 1528 γὰρ
262 1400 316 1464 αὐ
306 1403 348 1465 δν
381 1425 448 1464 ουτε
471 1400 574 1465 θύοντα
597 1403 655 1472 τοῖς
681 1375 806 1472 θεῖνῖς
779 1395 846 1464 odra
832 1407 995 1528 μαντικῇ
1017 1400 1175 1525 χρώμενον,
1201 1399 1277 1466 ἀλλὰ

183 1505 322 1570 καὶτῶν
355 1505 514 1580 ποιούντων
555 1511 647 1570 ταῦτα
678 1509 819 1588 γελῶντα
859 1505 922 1568 εἰπέ
948 1531 1004 1590 μοι,
1039 1505 1106 1591 ἔφη,
1141 1513 1202 1575 eto.
1237 1543 1279 1552 -—

184 1620 202 1690 ᾖ
226 1619 254 1681 9.
291 1610 519 1681 Aristodemo
543 1633 631 1680 num
656 1612 776 1701 omnia
801 1630 1046 1697 quaecumque
1070 1619 1156 1680 sunt
1178 1615 1215 1680 vi
1238 1633 1279 1679 aa
1312 1633 1315 1640 ·

185 1719 323 1786 ratione
346 1715 591 1799 gubernentur
615 1713 807 1794 dubitanti,
832 1718 915 1800 quia
940 1714 1025 1784 deos
1049 1705 1130 1786 non¹
1145 1715 1277 1786 videat.

185 1820 348 1890 Socrates
373 1817 577 1905 respondet:
614 1817 682 1882 οὐδὲ
709 1817 764 1902 γὰρ
787 1817 838 1901 τὴν
862 1824 970 1883 σαυτοῦ
994 1818 1063 1904 σύγε
1086 1819 1183 1906 ψυχὴν
1207 1817 1280 1904 ὁρᾶς

184 1921 277 2010 ἢτοῦ
300 1948 430 2007 σωματος
446 1921 531 2008 κυρία
555 1927 603 1988 ἐστ
606 1923 644 1987 tv·
668 1919 741 1984 ὥστε
763 1920 888 2046 κατάγε
903 1929 1019 1988 τοῦτο
1006 1922 1097 1998 ἔξεστί
1114 1949 1159 1986 σοι
1174 1925 1279 2008 λέγειν,

185 2026 227 2092 ὅτι
250 2027 335 2092 οὐδὲν
358 2053 507 2152 γνωμγγ,α
489 2027 608 2091 ἀλλὰ
594 2027 673 2152 τύχγγ
694 2026 830 2090 πύκται.
810 2026 951 2111 πράττεις
986 2065 1027 2074 —-
1062 2035 1080 2106 ἓ
1106 2035 1154 2096 1.0
1106 2025 1280 2096 ῙΚαιὸ

183 2131 292 2218 Αριστ
277 2136 400 2216 οδημος·
434 2125 522 2207 edroi,
555 2131 621 2216 ἔφη,
653 2159 677 2194 ω
660 2127 849 2215 Σώκρατε
809 2169 858 2208 τις,
894 2130 1026 2257 ὑπερορῶ
1057 2133 1089 2196 τὸ
1124 2133 1280 2217 δαιμόνιον

185 2235 286 2300 ἀλλ’
275 2239 367 2301 εκεῖνυ
398 2259 434 2320 με
435 2241 564 2320 γαλοπρε
566 2236 636 2298 πὲτσ
638 2261 702 2321 ερον
732 2235 862 2319 ἡγοῦμαι
895 2232 976 2319 θὼς
1009 2242 1060 2320 τῆς
1095 2239 1207 2320 ἐμῆς(
1202 2249 1281 2322 teu-p

186 2338 271 2412 πείας
293 2343 485 2426 προσδεῖσθαι
509 2363 635 2426 eqs
691 2338 931 2426 Xenophonti
903 2347 1045 2440 111111
1067 2363 1281 2427 persuasum
1330 2335 1338 2366 ”

187 2466 275 2524 esse
312 2444 396 2513 deos
433 2445 477 2512 ab
515 2447 683 2514 omnibus
707 2445 934 2523 hominibus
970 2448 1031 2549 qui
1066 2467 1125 2513 eos
1158 2445 1279 2529 negle-

184 2557 308 2635 gerent
342 2549 401 2618 vel
436 2571 558 2619 eorum
591 2558 779 2636 praecepta
822 2536 1103 2628 contemnerent
1146 2571 1280 2636 poenas

187 2657 404 2742 expetiturus
424 2676 501 2722 esse
515 2661 677 2742 apertum
699 2653 741 2721 fit
763 2675 806 2720 ex
819 2652 935 2722 Anah.
982 2653 1025 2720 II.
1051 2657 1082 2732 5
1104 2659 1137 2720 7:
1169 2659 1280 2738 πρῶτον

186 2761 238 2844 μὲν
261 2760 316 2843 γὰρ
339 2757 388 2822 καὶ
412 2760 544 2844 μέγιστον
578 2759 605 2821 οἱ
639 2762 709 2822 θεῶν
739 2756 816 2841 ἡμᾶς
840 2754 920 2842 ὅρκοι
952 2755 1098 2821 κωλύουσι
1128 2756 1282 2842 πολεμίους

184 2865 261 2954 Ιεἶναι
289 2863 445 2947 ἀλλήλοις·
479 2859 555 2934 ὅστις
590 2862 622 2926 δὲ
656 2861 765 2925 τούτων
797 2860 926 2925 σύνοιδεν
955 2859 1034 2946 αύτῷ
1050 2853 1281 2946 παρημεληκώς,
1326 2917 1328 2920 .

186 2976 285 3034 τοῦτον
309 2971 375 3054 ,ἐγὼ
401 2963 497 3032 οὔποτ’
528 2965 563 3032 ἂν
593 2964 834 3050 εὐδαιμονίσαιμι.
879 2965 927 3028 τὸν
961 2964 1015 3050 γὰρ
1050 2969 1121 3030 θεῶν
1155 2963 1282 3048 πόλεμον

186 3073 240 3140 οὐκ
263 3074 329 3138 οἶδα
353 3068 409 3137 οὔτ’
436 3071 494 3136 ἀπὸ
518 3070 601 3135 ποίου
637 3069 671 3135 ἂν
701 3070 813 3157 τοίχους
844 3063 910 3132 odis
938 3065 1005 3132 ὅποι
1039 3064 1073 3132 ἄν
1103 3095 1144 3142 τις
1166 3070 1283 3156 φεύγων
1382 3073 1387 3079 ’

186 3179 333 3266 ἀποφύγοι
367 3173 425 3243 οὔτ’
463 3179 503 3248 εἰς
531 3178 612 3238 ποῖον
643 3172 678 3238 ἂν
702 3174 802 3246 σκότος
825 3171 972 3258 ἀποδραίη
996 3171 1054 3237 οὐθ’
1081 3171 1160 3246 ὅπως
1184 3171 1283 3248 ἂνεῑς

188 3285 294 3371 ἐχυρὸν
316 3282 425 3370 χωρίον
460 3280 614 3365 ἀποσταίη.
659 3280 752 3363 πάντῃ
780 3280 835 3364 γὰρ
862 3277 957 3342 πάντα
985 3279 1043 3350 τοῖς
1072 3281 1147 3350 θεοῖς
1183 3275 1282 3366 ὕποχα

148 3475 151 3480 Ι
187 3386 237 3452 καὶ
259 3394 396 3475 πανταχῇ
411 3387 532 3478 πάντων
548 3383 609 3450 ἰ’σον
633 3385 659 3448 οἱ
684 3383 743 3448 θεοὶ
764 3389 908 3469 κρατοῦσι.

276 3493 386 3562 Vides
411 3495 521 3578 igitur
544 3489 824 3577 Xenophontem
860 3493 911 3557 ita
933 3487 1165 3556 Antisthenis
1196 3486 1279 3556 doe-

190 3602 322 3666 trinam
347 3597 568 3674 adhibuisse,
592 3603 633 3663 υ1
657 3616 746 3680 quae
771 3597 802 3662 ei
823 3592 1014 3681 praeerunt,
1039 3595 1077 3661 in
1101 3613 1282 3661 commen-

191 3707 301 3771 tarios
325 3705 505 3780 insereret,
541 3721 631 3787 quae
664 3706 783 3766 autem
819 3701 850 3765 ei
873 3696 1062 3784 probanda
1085 3718 1159 3765 non
1182 3693 1282 3762 vide-

189 3816 322 3887 rentur,
345 3807 515 3874 refutaret
549 3813 584 3872 et
613 3807 649 3872 in
679 3803 876 3873 absurdum
906 3802 1057 3871 duceret.
1105 3799 1283 3880 Quaeres

190 3915 312 3996 magni
334 3915 507 3980 momenti
524 3916 577 3978 est
593 3908 638 3976 ad
653 3907 902 3976 Memorabilia
919 3916 1011 3974 reete
1029 3903 1283 3988 intellegenda,

195 4140 323 4149 -.,-‚...-
329 4139 402 4144 ⁴*-

279 4293 298 4358 1)
324 4289 470 4348 Eiusdem
499 4288 665 4347 sententiae
693 4293 739 4345 est
765 4285 898 4345 Zoiterus
926 4284 1049 4354 (Philus.
1073 4283 1101 4340 d.
1122 4280 1170 4340 Gr.
1196 4281 1236 4340 ΙΙ.
1263 4287 1284 4336 1.

191 4397 220 4448 p.
240 4383 311 4446 328),
340 4376 412 4446 quia
430 4376 516 4433 Plato
540 4375 572 4432 in
592 4375 684 4433 conv.
712 4393 739 4444 p.
770 4378 819 4431 173
838 4373 871 4430 B.
908 4370 1132 4430 Aristodemum
1160 4368 1285 4426 eandem

191 4466 254 4524 fere
272 4464 309 4522 de
328 4463 387 4521 diis
406 4463 572 4521 doctrinam
597 4462 769 4520 confessum
797 4477 863 4518 esse
888 4465 979 4528 atque
997 4457 1210 4516 Antisthenem
1229 4470 1285 4511 nos

191 4554 286 4612 dooet.
