3246 5252
872 504 914 566 54

312 768 313 771 Ἴ
345 698 482 777 partem
518 711 637 758 veram
678 711 766 767 esse,
801 710 882 756 eum
917 691 1009 756 inter
1045 687 1161 759 malos
1197 687 1298 757 nullo
1330 688 1439 758 modo

346 795 503 862 amicitia
537 797 730 862 consistere
771 801 903 880 posset.
950 792 1098 860 Restare
1133 795 1260 876 igitur,
1292 800 1333 862 ut
1366 797 1441 863 nisi

346 901 438 967 inter
453 900 569 967 bonos
593 900 749 967 amicitia
773 919 850 966 esse
873 918 945 966 non
968 903 1100 983 posset.
1135 895 1206 964 Sed
1222 900 1329 966 etiam
1344 897 1440 966 hanc

345 1005 561 1071 sententiam
584 1001 714 1070 refutat
727 1001 897 1071 Socrates.
944 1001 1037 1070 Nam
1056 1005 1118 1088 qui
1140 1005 1232 1070 inter
1249 1025 1286 1070 se
1303 1002 1439 1082 similes

346 1113 476 1184 essent,
508 1107 578 1175 sibi
602 1108 754 1175 invicem
778 1105 947 1193 prodesse
971 1127 1120 1191 eamque
1145 1108 1188 1176 ob
1214 1129 1288 1176 rem
1311 1116 1438 1175 mutuo

345 1231 465 1278 amore
490 1214 661 1280 contineri
685 1231 896 1296 nonposse;
919 1213 1100 1296 praeterea
1115 1197 1241 1289 bonos
1260 1232 1340 1279 cum
1366 1212 1438 1280 sibi

346 1317 436 1401 ipsis
460 1314 567 1402 plane
591 1313 804 1395 sufficerent,
833 1336 1020 1401 nunquam
1043 1314 1185 1384 studere
1210 1318 1343 1382 amicos
1368 1316 1440 1384 sibi

345 1417 582 1500 conciliare.¹)
655 1464 658 1470 -

434 1523 515 1604 Qua
550 1523 592 1590 da
626 1543 662 1590 rc
698 1545 787 1610 quae
823 1545 844 1590 a
877 1523 1121 1610 Xenophonte
1156 1526 1318 1610 exposita
1353 1532 1440 1590 sunt

347 1649 429 1696 curn
452 1628 510 1695 his
535 1626 622 1695 adeo
648 1637 860 1712 congruunt.
889 1636 929 1696 ut
957 1632 1072 1714 primo
1098 1629 1226 1698 obtutu
1248 1626 1439 1696 Platonem

345 1731 516 1801 hocloco
541 1732 822 1819 Xenophontem
845 1740 926 1801 ante
951 1733 1073 1803 oculos
1097 1733 1269 1802 habuisse
1293 1735 1440 1818 eiusque

346 1839 562 1904 sententiam
578 1840 812 1923 impugnasse
829 1836 960 1904 credas.
997 1836 1180 1906 Persimili
1195 1841 1344 1914 ratione,
1369 1857 1440 1922 qua

347 1940 419 2020 1111,
443 1938 623 2028 Xenopho
639 1963 771 2027 pravos
788 1942 952 2008 homines
976 1963 1091 2027 neque
1115 1945 1186 2012 sibi
1202 1961 1317 2028 neque
1333 1943 1439 2010 bonis

273 2055 297 2088 ’-
347 2047 481 2113 amicos
505 2067 582 2114 esse
608 2046 781 2125 ostendit;
816 2067 900 2114 nam
931 2067 1061 2132 pravos
1093 2050 1214 2132 pravis
1240 2068 1309 2133 quo
1335 2067 1440 2114 accu-

346 2151 458 2216 ratius
493 2172 531 2218 se
567 2170 607 2217 ac
641 2153 803 2237 ipsorum
834 2154 1047 2236 pravitatem
1083 2153 1358 2236 perspexissent,
1397 2171 1438 2217 eo

346 2255 563 2321 inimiciores
587 2253 674 2333 fieri,
704 2276 785 2322 curn
808 2255 913 2324 bonis
945 2262 1065 2322 autem
1088 2254 1330 2324 familiaritate
1354 2275 1439 2320 con-

346 2359 448 2440 iungi
482 2379 555 2426 non
578 2381 695 2445 posse,
730 2362 814 2444 quia
848 2367 889 2444 ut
921 2363 982 2445 qui
1003 2357 1101 2426 mala
1124 2367 1268 2444 agerent
1292 2361 1347 2438 iis,
1379 2361 1442 2443 qui

345 2460 436 2528 haec
462 2460 624 2543 oderunt
660 2466 765 2531 amici
796 2469 916 2531 essent
938 2462 1015 2531 fieri
1050 2485 1122 2531 non
1153 2471 1286 2551 posset.
1333 2463 1438 2530 Mem.

346 2565 382 2632 Π
406 2572 436 2644 6,
462 2572 501 2634 19
531 2588 604 2653 sqq.
652 2566 679 2628 οἱ
715 2566 765 2650 μὲν
800 2561 849 2630 οὖν
881 2565 1001 2653 πονηροὶ
1033 2567 1147 2638 πάντως
1175 2566 1275 2652 ἔμοιγε
1309 2570 1440 2630 δοκοῦσιν

346 2667 486 2752 ἀλλήλοις
509 2669 608 2756 ἐχθροὶ
642 2674 751 2754 μᾶλλον
781 2667 800 2754 ἢ
824 2669 904 2756 φίλοι
931 2671 1104 2758 πεφυκέναι·
1139 2670 1216 2734 ἀλλὰ
1245 2669 1309 2754 μήν,
1344 2666 1440 2754 ὥσπερ

346 2772 381 2836 σὺ
404 2774 507 2856 λέγεις,
531 2773 589 2838 οὐδ’
616 2771 650 2838 ἂν
674 2778 731 2846 τοῖς
754 2779 889 2861 χρηστοῖς
924 2775 950 2838 οἱ
978 2774 1097 2861 πονηροί
1128 2799 1198 2838 ποτε
1228 2774 1439 2859 συναρμόσειαν

345 2878 387 2948 εἰς
410 2877 508 2962 φιλίαν
555 2881 602 2962 (ν.
627 2880 712 2966 Lys.
746 2903 779 2966 p.
805 2885 869 2947 214
893 2880 1040 2961 O—D).
1098 2881 1154 2948 Ia
1183 2901 1263 2948 eum
1287 2879 1439 2948 Platone

346 2980 393 3048 ad
416 2983 510 3051 hanc
534 2983 779 3054 definitionem
811 2988 982 3071 pervenit,
1018 2991 1058 3052 ut
1093 2987 1164 3052 nisi
1198 2988 1289 3052 inter
1323 2985 1439 3052 bonos

347 3107 431 3153 vera
456 3091 612 3157 amicitia
636 3111 713 3156 esse
736 3111 810 3158 non
833 3094 964 3176 posset.
1014 3088 1084 3157 Sed
1108 3111 1188 3156 cum
1205 3089 1293 3157 haec
1317 3087 1439 3156 aPla-

347 3196 431 3257 tone
466 3195 663 3270 1111111111,
698 3193 935 3280 Xenophonti
975 3193 1250 3262 fundamentum
1285 3200 1368 3270 erat,
1402 3193 1441 3259 in

348 3314 418 3379 quo
444 3305 639 3366 exstrueret
662 3306 774 3366 totam
798 3298 841 3365 de
865 3301 1021 3367 amicitia
1045 3298 1260 3367 doctrinam:
1285 3319 1317 3364 ν.
1332 3295 1438 3363 Mem.

346 3399 381 3466 Π
405 3406 436 3478 6,
460 3405 510 3469 22.
557 3400 619 3465 ἀλλ’
646 3399 725 3486 ὅμως
758 3402 805 3465 διὰ
829 3402 938 3465 τούτων
961 3401 1076 3466 πάντων
1108 3401 1127 3485 ἡ
1157 3399 1240 3488 φιλία
1264 3399 1440 3483 διαδυομένη

346 3502 484 3570 συνάπτει
508 3507 573 3578 τοὺς
596 3507 702 3578 καλοὺς
727 3506 884 3590 κάγαθούς.

434 3609 544 3679 Vides
563 3634 737 3679 conexum
756 3611 933 3697 quendam
957 3617 1047 3680 inter
1059 3612 1248 3679 Platonem
1266 3619 1300 3676 et
1316 3608 1439 3677 Xeno-

346 3716 517 3801 phontem
553 3719 754 3786 consistere.
813 3715 983 3798 Quaestio
1018 3719 1127 3800 igitur
1161 3723 1224 3795 est,
1261 3710 1439 3800 quomodo

346 3820 406 3887 hic
430 3831 586 3889 conexus
603 3821 845 3907 ,explicandus
871 3824 926 3888 sit.
973 3820 1097 3906 Neque
1128 3822 1223 3889 enim
1246 3818 1339 3885 hanc
1363 3837 1441 3884 esso

348 3923 547 3993 doctrinam
571 3948 592 3992 a
614 3930 786 4010 magistro
812 3931 993 4011 acceptam
1017 3924 1099 3993 inde
1123 3922 1315 4005 intellegis
1345 3917 1442 4006 quod

346 4051 389 4097 11
411 4030 556 4115 placita,
580 4051 669 4115 quae
702 4052 722 4097 a
745 4031 988 4116 Xenophonte
1011 4031 1219 4116 probantur,
1245 4047 1265 4093 a
1288 4023 1440 4092 Platone

346 4133 548 4201 refutantur
573 4141 678 4219 atque
702 4135 902 4203 irridentur.
949 4135 1038 4202 item
1063 4134 1241 4201 sententia
1263 4126 1442 4198 reicienda

346 4244 412 4317 cst,
448 4237 637 4306 Platonem
678 4239 959 4325 Xenophontem
1000 4240 1120 4322 ipsum
1158 4235 1442 4321 inipugnavissa

436 4449 456 4515 ¹)
475 4465 501 4504 v.
522 4445 594 4515 cys.
614 4465 640 4516 p.
660 4445 841 4504 114-1111.
