3246 5252
847 519 890 584 30

319 705 421 788 vidit,
456 713 576 776 tamen
609 728 677 777 nos
709 704 887 774 offendere
918 727 992 774 non
1024 710 1154 792 potest,
1189 707 1298 775 immo
1335 713 1416 774 cum

319 809 473 894 consilio
507 809 789 897 Xenophontem
824 811 892 879 hoc
926 809 1006 879 loeo
1039 806 1193 894 ἑρμηνείαν
1216 811 1416 896 vscripsisse

319 915 536 997 coniciam.1)
582 914 706 1001 Neque
731 917 826 983 enim
848 914 917 982 hoc
943 909 1093 983 verbum
1116 913 1212 982 idem
1235 911 1416 997 significat

319 1027 428 1107 atque
455 1016 470 1082 ὁ
496 1017 588 1102 λόγος,
614 1017 676 1087 sed
708 1040 855 1088 sensum
878 1017 992 1088 multo
1019 1019 1273 1086 accuratiorem
1296 1018 1414 1086 habet.

325 1122 543 1211 Oppositum
575 1130 629 1191 est
662 1127 714 1209 ίτῷ
733 1121 870 1209 λογισμῷ
903 1127 924 1192 i.
952 1145 978 1191 e.
1004 1125 1115 1192 animi
1138 1121 1419 1192 considerationi

319 1237 356 1298 et
386 1229 499 1298 simili
526 1231 664 1297 ratione
695 1226 881 1312 acorgia
913 1233 1127 1313 usurpatum
1155 1226 1314 1295 videtur:
1344 1224 1415 1294 vid.

320 1333 470 1409 Periclis
496 1355 543 1404 or.
570 1353 624 1418 cp.
649 1331 758 1400 Thuc.
783 1331 818 1400 ll
841 1337 894 1410 60,
917 1337 946 1398 4.
983 1327 1078 1394 καίτοι
1101 1327 1166 1414 ἐμοὶ
1189 1329 1311 1415 τοιούτῳ
1335 1328 1417 1415 ἀνδρὶ

319 1436 482 1524 ὀργίζεσθε,
512 1433 550 1508 ὃς·
571 1434 688 1507 οὐδενὸς
720 1433 819 1521 οἴομαι
846 1433 945 1520 ἥσσων
977 1434 1050 1498 εἶναι
1073 1439 1177 1519 γνῶναί
1200 1459 1231 1498 τε
1254 1435 1290 1498 τὰ
1314 1435 1417 1499 δέοντα

319 1540 369 1606 καὶ
393 1544 568 1626 ἑρμηνεῦσαι
591 1543 693 1618 ταῦτα,
717 1538 869 1626 φιλόπολίς
892 1564 924 1604 τε
946 1537 996 1603 καὶ
1018 1538 1179 1627 χρημάτων
1202 1537 1352 1625 κρείσσων.
1376 1575 1419 1584 -

319 1647 361 1716 cl.
387 1647 492 1726 Mem.
517 1645 535 1714 I
558 1650 588 1726 2,
612 1649 641 1714 5.
679 1643 783 1730 μόνους
814 1643 846 1708 δὲ
870 1642 992 1730 φάσκειν
1016 1642 1103 1708 αὐτὸν
1125 1642 1220 1717 ἀξίους
1245 1643 1320 1708 εἶναι
1333 1648 1417 1727 τιμῆς

319 1751 386 1822 τούς
410 1747 524 1821 εἰδότας
546 1750 582 1812 rol
607 1749 709 1813 δέοντα
725 1747 775 1814 καὶ
791 1751 967 1835 ἑρμηνεῦσαι
982 1749 1166 1835 δυναμένους.
1206 1747 1285 1816 Oec.
1304 1747 1358 1816 XI
1374 1752 1417 1816 23

321 1859 366 1936 (ν.
393 1854 502 1924 Thuc.
528 1854 580 1923 ed.
605 1853 649 1922 K.
674 1853 730 1922 W.
755 1853 896 1938 Kriiger
918 1875 952 1941 p.
979 1855 1044 1921 224
1067 1858 1106 1921 in
1129 1852 1249 1922 adnot.
1274 1853 1342 1933 4).²)

714 2151 1027 2160 ———-—

848 2429 893 2500 Π.

411 2631 551 2713 Quibus
574 2633 738 2701 refutatis
762 2636 834 2701 iam
858 2655 931 2703 non
961 2633 1106 2718 singula
1128 2631 1285 2701 Krohnii
1307 2654 1415 2718 argu-

324 2745 445 2806 menta
469 2739 589 2806 omnia
612 2739 649 2804 in
674 2740 921 2823 quaestionem
945 2738 1091 2817 vocabo,
1117 2736 1180 2805 sed
1201 2739 1417 2820 gravissima

321 2848 465 2910 tantum
507 2843 634 2908 reicere
675 2841 833 2910 conabor
875 2840 1055 2927 simulque
1093 2839 1348 2920 demonstrare,
1376 2863 1418 2908 ea

321 2949 451 3032 capita,
484 2965 573 3032 quae
605 2942 668 3012 ille
700 2966 720 3013 a
749 2945 994 3033 Xenophonte
1018 2944 1248 3024 abiudicavit,
1279 2946 1417 3014 abhoc

325 3051 456 3136 scripta
480 3052 554 3118 sint
576 3071 720 3117 necesse
745 3071 832 3118 esse.

410 3171 547 3255 Magna
570 3169 810 3258 discrepantia
838 3179 910 3240 stat
932 3175 1024 3240 inter
1045 3175 1142 3240 viros
1167 3170 1302 3252 doctos
1327 3193 1417 3258 quo·

322 3273 429 3344 modo
467 3273 680 3360 explicanda
714 3278 762 3344 'sit
794 3276 1039 3346 memorabilis
1074 3275 1140 3345 illa
1173 3275 1215 3344 de
1243 3276 1354 3352 Gritia
1384 3283 1419 3344 et

322 3377 512 3449 Alcibiade
543 3383 698 3449 narratio
729 3379 857 3473 (Mem.
882 3380 899 3448 I
922 3383 953 3458 2,
986 3381 1161 3462 12-48).
1230 3381 1418 3452 Krohnius

320 3482 393 3552 hoe
422 3489 530 3569 caput
557 3482 640 3552 inde
671 3503 692 3550 a
722 3485 805 3565 §29
835 3503 949 3570 usque
974 3483 1151 3552 adfinem
1176 3483 1420 3566 adulterinum

325 3608 403 3656 esse
445 3589 582 3666 statuit,
626 3609 707 3657 cum
749 3590 892 3673 ingenio
932 3587 1188 3674 Xenophontis
1227 3588 1418 3674 indignum

325 3700 419 3760 esset
452 3713 567 3778 neque
600 3691 678 3761 fieri
715 3699 850 3779 posset,
889 3700 930 3760 ut
968 3690 1041 3772 ille,
1080 3696 1142 3778 qui
1178 3713 1241 3778 per
1282 3693 1417 3762 multos

321 3816 438 3864 annos
474 3796 629 3865 Athenis
665 3796 824 3877 aluisset,
859 3798 926 3865 has
972 3794 1136 3881 singulas
1168 3817 1222 3864 res
1247 3799 1418 3867 memoria

323 3903 515 3968 tenuisset:
539 3899 663 3980 „Denn
680 3903 743 3968 wir
758 3899 903 3970 konnen
920 3904 977 3970 ein
994 3901 1418 3986 Beharrungsvermiigen

325 4093 533 4104 ψ...

414 4194 434 4260 ¹)
453 4192 519 4251 Hoc
536 4192 678 4262 magister
696 4210 782 4251 meus
801 4192 857 4251 Ed.
877 4191 1030 4252 Schwartz
1049 4211 1098 4252 me
1112 4194 1222 4253 docuit.

412 4297 434 4366 ²)
453 4297 490 4356 cf.
510 4296 585 4356 Plat.
606 4297 724 4356 Theact.
743 4316 771 4368 p.
792 4302 843 4356 209
853 4297 888 4356 A.
918 4295 993 4369 λόγος
1018 4299 1046 4353 δέ
1070 4320 1098 4372 γε
1117 4295 1148 4372 ἦν
1167 4304 1214 4372 τῆς
1233 4304 1280 4372 σῆς
1299 4295 1420 4372 διαφορό-

322 4404 403 4456 τητος
421 4385 552 4458 ἑρμηνεία.
572 4413 606 4426 -
624 4383 772 4456 Rep.VII
789 4403 817 4454 Ι).
838 4383 932 4442 524Β,
961 4387 1006 4439 καὶ
1023 4382 1079 4458 γὰρ,
1099 4385 1158 4458 ἔφη,
1184 4382 1261 4440 αὗταί
1279 4406 1307 4457 γε
1327 4380 1421 4439 ἄτοποι

319 4476 357 4544 τῇ
377 4474 449 4546 ψυχῇ
469 4472 495 4525 al
514 4473 646 4544 ἑρμηνεῖαι
664 4474 708 4552 οιαὶ
727 4473 889 4546 ἐπισκέψεως
908 4468 1036 4544 δεόμεναι.
