<?xml version="1.0" encoding="UTF-8"?>
<!DOCTYPE html PUBLIC "-//W3C//DTD XHTML 1.0 Transitional//EN"
    "http://www.w3.org/TR/xhtml1/DTD/xhtml1-transitional.dtd">
<html xmlns="http://www.w3.org/1999/xhtml" xml:lang="en" lang="en">
 <head>
  <title>
</title>
<meta http-equiv="Content-Type" content="text/html;charset=utf-8" />
  <meta name='ocr-system' content='tesseract 3.04.00' />
  <meta name='ocr-capabilities' content='ocr_page ocr_carea ocr_par ocr_line ocrx_word'/>
</head>
<body>
  <div class='ocr_page' id='page_1' title='image "./quidxenophocomm00gerhgoog_0067.png"; bbox 0 0 3246 5252; ppageno 0'>
   <div class='ocr_carea' id='block_1_1' title="bbox 878 530 920 592">
    <p class='ocr_par' dir='ltr' id='par_1_1' title="bbox 878 530 920 592">
     <span class='ocr_line' id='line_1_1' title="bbox 878 530 920 592; baseline 0 0"><span class='ocrx_word' id='word_1_1' title='bbox 878 530 920 592; x_wconf 80' lang='lat'>64</span> 
     </span>
    </p>
   </div>
   <div class='ocr_carea' id='block_1_2' title="bbox 305 703 1450 3623">
    <p class='ocr_par' dir='ltr' id='par_1_2' title="bbox 305 703 1450 2376">
     <span class='ocr_line' id='line_1_2' title="bbox 354 703 1448 800; baseline -0.004 -16"><span class='ocrx_word' id='word_1_2' title='bbox 354 703 539 800; x_wconf 80' lang='lat' dir='ltr'>dialogum</span> <span class='ocrx_word' id='word_1_3' title='bbox 582 705 720 784; x_wconf 83' lang='lat' dir='ltr'>exstare</span> <span class='ocrx_word' id='word_1_4' title='bbox 760 716 864 800; x_wconf 81' lang='lat' dir='ltr'>quasi</span> <span class='ocrx_word' id='word_1_5' title='bbox 901 717 938 782; x_wconf 93' lang='lat' dir='ltr'>in</span> <span class='ocrx_word' id='word_1_6' title='bbox 977 713 1169 800; x_wconf 89' lang='lat' dir='ltr'>propatulo</span> <span class='ocrx_word' id='word_1_7' title='bbox 1209 721 1273 788; x_wconf 74' lang='lat' dir='ltr'>est,</span> <span class='ocrx_word' id='word_1_8' title='bbox 1319 711 1448 798; x_wconf 79' lang='lat' dir='ltr'>Teich-</span> 
     </span>
     <span class='ocr_line' id='line_1_3' title="bbox 352 815 1449 907; baseline -0.007 -15"><span class='ocrx_word' id='word_1_9' title='bbox 352 819 546 894; x_wconf 87' lang='lat' dir='ltr'>muellerus</span> <span class='ocrx_word' id='word_1_10' title='bbox 562 821 588 903; x_wconf 87' lang='lat'>¹)</span> <span class='ocrx_word' id='word_1_11' title='bbox 627 819 819 907; x_wconf 80' lang='lat' dir='ltr'>perductus</span> <span class='ocrx_word' id='word_1_12' title='bbox 849 825 923 898; x_wconf 75' lang='lat' dir='ltr'>est,</span> <span class='ocrx_word' id='word_1_13' title='bbox 963 827 1003 888; x_wconf 89' lang='lat' dir='ltr'>ut</span> <span class='ocrx_word' id='word_1_14' title='bbox 1040 817 1231 888; x_wconf 79' lang='lat' dir='ltr'>Platonem</span> <span class='ocrx_word' id='word_1_15' title='bbox 1255 815 1449 885; x_wconf 88' lang='lat' dir='ltr'>Charmide</span> 
     </span>
     <span class='ocr_line' id='line_1_4' title="bbox 352 919 1449 1012; baseline -0.005 -19"><span class='ocrx_word' id='word_1_16' title='bbox 352 924 608 1012; x_wconf 78' lang='lat' dir='ltr'>Xenophontis</span> <span class='ocrx_word' id='word_1_17' title='bbox 641 927 917 1007; x_wconf 79' lang='lat' dir='ltr'>commentarios</span> <span class='ocrx_word' id='word_1_18' title='bbox 950 923 1124 991; x_wconf 83' lang='lat' dir='ltr'>refutasse</span> <span class='ocrx_word' id='word_1_19' title='bbox 1161 928 1312 1008; x_wconf 89' lang='lat' dir='ltr'>putaret.</span> <span class='ocrx_word' id='word_1_20' title='bbox 1375 919 1449 989; x_wconf 81' lang='lat' dir='ltr'>Sed</span> 
     </span>
     <span class='ocr_line' id='line_1_5' title="bbox 305 1026 1445 1114; baseline -0.006 -16"><span class='ocrx_word' id='word_1_21' title='bbox 305 1064 309 1072; x_wconf 94' lang='lat'><em>·</em></span> <span class='ocrx_word' id='word_1_22' title='bbox 352 1037 394 1098; x_wconf 92' lang='lat' dir='ltr'>ut</span> <span class='ocrx_word' id='word_1_23' title='bbox 429 1028 625 1108; x_wconf 79' lang='lat' dir='ltr'>credamus,</span> <span class='ocrx_word' id='word_1_24' title='bbox 658 1029 848 1098; x_wconf 82' lang='lat' dir='ltr'>Platonem</span> <span class='ocrx_word' id='word_1_25' title='bbox 882 1027 1138 1114; x_wconf 86' lang='lat' dir='ltr'>Xenophontis</span> <span class='ocrx_word' id='word_1_26' title='bbox 1173 1026 1307 1096; x_wconf 90' lang='lat' dir='ltr'>librum</span> <span class='ocrx_word' id='word_1_27' title='bbox 1342 1046 1445 1113; x_wconf 86' lang='lat' dir='ltr'>earp-</span> 
     </span>
     <span class='ocr_line' id='line_1_6' title="bbox 353 1129 1445 1218; baseline -0.004 -16"><span class='ocrx_word' id='word_1_28' title='bbox 353 1138 444 1203; x_wconf 88' lang='lat' dir='ltr'>sisse</span> <span class='ocrx_word' id='word_1_29' title='bbox 473 1133 575 1202; x_wconf 90' lang='lat' dir='ltr'>nulla</span> <span class='ocrx_word' id='word_1_30' title='bbox 605 1155 642 1202; x_wconf 93' lang='lat' dir='ltr'>re</span> <span class='ocrx_word' id='word_1_31' title='bbox 671 1155 946 1209; x_wconf 75' lang='lat' dir='ltr'>commovemur,</span> <span class='ocrx_word' id='word_1_32' title='bbox 975 1135 1047 1200; x_wconf 90' lang='lat' dir='ltr'>nisi</span> <span class='ocrx_word' id='word_1_33' title='bbox 1070 1130 1307 1200; x_wconf 89' lang='lat' dir='ltr'>similitudine</span> <span class='ocrx_word' id='word_1_34' title='bbox 1330 1129 1445 1218; x_wconf 82' lang='lat' dir='ltr'>placi-</span> 
     </span>
     <span class='ocr_line' id='line_1_7' title="bbox 352 1236 1448 1325; baseline -0.005 -18"><span class='ocrx_word' id='word_1_35' title='bbox 352 1247 483 1318; x_wconf 80' lang='lat' dir='ltr'>torum,</span> <span class='ocrx_word' id='word_1_36' title='bbox 501 1260 592 1325; x_wconf 87' lang='lat' dir='ltr'>quae</span> <span class='ocrx_word' id='word_1_37' title='bbox 608 1242 646 1307; x_wconf 91' lang='lat' dir='ltr'>in</span> <span class='ocrx_word' id='word_1_38' title='bbox 662 1246 812 1324; x_wconf 90' lang='lat' dir='ltr'>utroque</span> <span class='ocrx_word' id='word_1_39' title='bbox 830 1241 961 1324; x_wconf 83' lang='lat' dir='ltr'>scripto</span> <span class='ocrx_word' id='word_1_40' title='bbox 978 1239 1220 1305; x_wconf 86' lang='lat' dir='ltr'>inveniuntur.</span> <span class='ocrx_word' id='word_1_41' title='bbox 1257 1236 1448 1304; x_wconf 89' lang='lat' dir='ltr'>Praeterea</span> 
     </span>
     <span class='ocr_line' id='line_1_8' title="bbox 352 1338 1447 1430; baseline -0.004 -18"><span class='ocrx_word' id='word_1_42' title='bbox 352 1342 546 1430; x_wconf 80' lang='lat' dir='ltr'>Xenopho,</span> <span class='ocrx_word' id='word_1_43' title='bbox 570 1350 610 1410; x_wconf 88' lang='lat' dir='ltr'>ut</span> <span class='ocrx_word' id='word_1_44' title='bbox 624 1341 874 1410; x_wconf 80' lang='lat' dir='ltr'>Memorabilia</span> <span class='ocrx_word' id='word_1_45' title='bbox 895 1345 972 1410; x_wconf 88' lang='lat' dir='ltr'>sine</span> <span class='ocrx_word' id='word_1_46' title='bbox 990 1341 1099 1410; x_wconf 90' lang='lat' dir='ltr'>dubio</span> <span class='ocrx_word' id='word_1_47' title='bbox 1116 1349 1200 1428; x_wconf 90' lang='lat' dir='ltr'>post</span> <span class='ocrx_word' id='word_1_48' title='bbox 1217 1338 1447 1408; x_wconf 83' lang='lat' dir='ltr'>Charmidem</span> 
     </span>
     <span class='ocr_line' id='line_1_9' title="bbox 353 1445 1444 1535; baseline -0.005 -19"><span class='ocrx_word' id='word_1_49' title='bbox 353 1452 486 1535; x_wconf 79' lang='lat' dir='ltr'>scripta</span> <span class='ocrx_word' id='word_1_50' title='bbox 510 1469 587 1518; x_wconf 87' lang='lat' dir='ltr'>esse</span> <span class='ocrx_word' id='word_1_51' title='bbox 612 1449 785 1525; x_wconf 72' lang='lat' dir='ltr'>omittam,</span> <span class='ocrx_word' id='word_1_52' title='bbox 808 1453 882 1514; x_wconf 89' lang='lat' dir='ltr'>tam</span> <span class='ocrx_word' id='word_1_53' title='bbox 906 1445 1094 1516; x_wconf 89' lang='lat' dir='ltr'>mediooris</span> <span class='ocrx_word' id='word_1_54' title='bbox 1113 1445 1337 1513; x_wconf 88' lang='lat' dir='ltr'>adversarius</span> <span class='ocrx_word' id='word_1_55' title='bbox 1360 1453 1444 1522; x_wconf 71' lang='lat' dir='ltr'>erat,</span> 
     </span>
     <span class='ocr_line' id='line_1_10' title="bbox 354 1548 1447 1648; baseline -0.007 -26"><span class='ocrx_word' id='word_1_56' title='bbox 354 1562 395 1622; x_wconf 87' lang='lat' dir='ltr'>ut</span> <span class='ocrx_word' id='word_1_57' title='bbox 431 1562 548 1622; x_wconf 88' lang='lat' dir='ltr'>totum</span> <span class='ocrx_word' id='word_1_58' title='bbox 587 1550 771 1634; x_wconf 82' lang='lat' dir='ltr'>dialogum</span> <span class='ocrx_word' id='word_1_59' title='bbox 812 1548 856 1616; x_wconf 87' lang='lat' dir='ltr'>ad</span> <span class='ocrx_word' id='word_1_60' title='bbox 895 1554 971 1620; x_wconf 90' lang='lat' dir='ltr'>eius</span> <span class='ocrx_word' id='word_1_61' title='bbox 1007 1554 1141 1648; x_wconf 81' lang='lat' dir='ltr'>scripta</span> <span class='ocrx_word' id='word_1_62' title='bbox 1174 1548 1390 1618; x_wconf 78' lang='lat' dir='ltr'>recensenda</span> <span class='ocrx_word' id='word_1_63' title='bbox 1426 1569 1447 1614; x_wconf 90' lang='lat' dir='ltr'>a</span> 
     </span>
     <span class='ocr_line' id='line_1_11' title="bbox 353 1653 1448 1742; baseline -0.005 -16"><span class='ocrx_word' id='word_1_64' title='bbox 353 1657 506 1726; x_wconf 88' lang='lat' dir='ltr'>Platone</span> <span class='ocrx_word' id='word_1_65' title='bbox 517 1659 756 1742; x_wconf 80' lang='lat' dir='ltr'>compositum</span> <span class='ocrx_word' id='word_1_66' title='bbox 774 1677 851 1724; x_wconf 87' lang='lat' dir='ltr'>esse</span> <span class='ocrx_word' id='word_1_67' title='bbox 866 1655 1053 1741; x_wconf 87' lang='lat' dir='ltr'>probabile</span> <span class='ocrx_word' id='word_1_68' title='bbox 1070 1655 1161 1722; x_wconf 86' lang='lat' dir='ltr'>mihi</span> <span class='ocrx_word' id='word_1_69' title='bbox 1176 1677 1250 1723; x_wconf 90' lang='lat' dir='ltr'>non</span> <span class='ocrx_word' id='word_1_70' title='bbox 1266 1653 1448 1730; x_wconf 85' lang='lat' dir='ltr'>videatur;</span> 
     </span>
     <span class='ocr_line' id='line_1_12' title="bbox 353 1757 1447 1844; baseline 0 -14"><span class='ocrx_word' id='word_1_71' title='bbox 353 1784 418 1840; x_wconf 89' lang='lat' dir='ltr'>neo</span> <span class='ocrx_word' id='word_1_72' title='bbox 453 1784 535 1830; x_wconf 87' lang='lat' dir='ltr'>vero</span> <span class='ocrx_word' id='word_1_73' title='bbox 570 1764 608 1828; x_wconf 91' lang='lat' dir='ltr'>in</span> <span class='ocrx_word' id='word_1_74' title='bbox 643 1757 734 1830; x_wconf 88' lang='lat' dir='ltr'>ullo</span> <span class='ocrx_word' id='word_1_75' title='bbox 755 1757 897 1843; x_wconf 76' lang='lat' dir='ltr'>dialogo</span> <span class='ocrx_word' id='word_1_76' title='bbox 934 1769 1067 1837; x_wconf 87' lang='lat' dir='ltr'>eertum</span> <span class='ocrx_word' id='word_1_77' title='bbox 1099 1762 1294 1844; x_wconf 77' lang='lat' dir='ltr'>vestigium</span> <span class='ocrx_word' id='word_1_78' title='bbox 1318 1765 1447 1830; x_wconf 82' lang='lat' dir='ltr'>exstat.</span> 
     </span>
     <span class='ocr_line' id='line_1_13' title="bbox 353 1861 1446 1953; baseline -0.006 -18"><span class='ocrx_word' id='word_1_79' title='bbox 353 1888 424 1953; x_wconf 89' lang='lat' dir='ltr'>quo</span> <span class='ocrx_word' id='word_1_80' title='bbox 472 1866 725 1953; x_wconf 86' lang='lat' dir='ltr'>Xenophontis</span> <span class='ocrx_word' id='word_1_81' title='bbox 779 1865 940 1933; x_wconf 76' lang='lat' dir='ltr'>doctrina</span> <span class='ocrx_word' id='word_1_82' title='bbox 996 1863 1161 1932; x_wconf 87' lang='lat' dir='ltr'>distinete</span> <span class='ocrx_word' id='word_1_83' title='bbox 1215 1861 1446 1948; x_wconf 80' lang='lat' dir='ltr'>significetur.</span> 
     </span>
     <span class='ocr_line' id='line_1_14' title="bbox 354 1967 1449 2054; baseline -0.005 -16"><span class='ocrx_word' id='word_1_84' title='bbox 354 1971 507 2038; x_wconf 87' lang='lat' dir='ltr'>Prorsus</span> <span class='ocrx_word' id='word_1_85' title='bbox 531 1968 633 2038; x_wconf 92' lang='lat' dir='ltr'>aliter</span> <span class='ocrx_word' id='word_1_86' title='bbox 656 1993 710 2038; x_wconf 89' lang='lat' dir='ltr'>res</span> <span class='ocrx_word' id='word_1_87' title='bbox 736 1970 907 2038; x_wconf 89' lang='lat' dir='ltr'>sehabet</span> <span class='ocrx_word' id='word_1_88' title='bbox 934 1971 971 2036; x_wconf 91' lang='lat' dir='ltr'>iu</span> <span class='ocrx_word' id='word_1_89' title='bbox 994 1970 1223 2051; x_wconf 86' lang='lat' dir='ltr'>Antisthene.</span> <span class='ocrx_word' id='word_1_90' title='bbox 1271 1967 1343 2048; x_wconf 79' lang='lat' dir='ltr'>Qui</span> <span class='ocrx_word' id='word_1_91' title='bbox 1363 1973 1449 2054; x_wconf 90' lang='lat' dir='ltr'>post</span> 
     </span>
     <span class='ocr_line' id='line_1_15' title="bbox 353 2071 1450 2160; baseline -0.004 -17"><span class='ocrx_word' id='word_1_92' title='bbox 353 2074 544 2144; x_wconf 91' lang='lat' dir='ltr'>Platonem</span> <span class='ocrx_word' id='word_1_93' title='bbox 585 2077 822 2160; x_wconf 78' lang='lat' dir='ltr'>gravissimus</span> <span class='ocrx_word' id='word_1_94' title='bbox 862 2074 1020 2146; x_wconf 80' lang='lat' dir='ltr'>Sooratis</span> <span class='ocrx_word' id='word_1_95' title='bbox 1063 2071 1263 2159; x_wconf 79' lang='lat' dir='ltr'>discipulus</span> <span class='ocrx_word' id='word_1_96' title='bbox 1307 2078 1381 2140; x_wconf 89' lang='lat' dir='ltr'>erat</span> <span class='ocrx_word' id='word_1_97' title='bbox 1414 2080 1450 2139; x_wconf 91' lang='lat' dir='ltr'>et</span> 
     </span>
     <span class='ocr_line' id='line_1_16' title="bbox 353 2177 1446 2265; baseline -0.004 -17"><span class='ocrx_word' id='word_1_98' title='bbox 353 2177 497 2248; x_wconf 65' lang='lat' dir='ltr'>multos,</span> <span class='ocrx_word' id='word_1_99' title='bbox 529 2179 746 2257; x_wconf 76' lang='lat' dir='ltr'>inveniebat,</span> <span class='ocrx_word' id='word_1_100' title='bbox 793 2182 855 2264; x_wconf 87' lang='lat' dir='ltr'>qui</span> <span class='ocrx_word' id='word_1_101' title='bbox 893 2201 974 2248; x_wconf 92' lang='lat' dir='ltr'>eum</span> <span class='ocrx_word' id='word_1_102' title='bbox 1020 2186 1253 2265; x_wconf 80' lang='lat' dir='ltr'>sequerentur</span> <span class='ocrx_word' id='word_1_103' title='bbox 1298 2180 1446 2262; x_wconf 88' lang='lat' dir='ltr'>eiusque</span> 
     </span>
     <span class='ocr_line' id='line_1_17' title="bbox 354 2280 1068 2376; baseline -0.003 -24"><span class='ocrx_word' id='word_1_104' title='bbox 354 2283 494 2352; x_wconf 81' lang='lat' dir='ltr'>decreta</span> <span class='ocrx_word' id='word_1_105' title='bbox 517 2283 624 2376; x_wconf 82' lang='lat' dir='ltr'>longe</span> <span class='ocrx_word' id='word_1_106' title='bbox 648 2281 791 2368; x_wconf 89' lang='lat' dir='ltr'>lateque</span> <span class='ocrx_word' id='word_1_107' title='bbox 816 2280 1068 2352; x_wconf 85' lang='lat' dir='ltr'>diffunderent.</span> 
     </span>
    </p>

    <p class='ocr_par' dir='ltr' id='par_1_3' title="bbox 345 2386 1450 3623">
     <span class='ocr_line' id='line_1_18' title="bbox 363 2386 1448 2474; baseline -0.005 -18"><span class='ocrx_word' id='word_1_108' title='bbox 363 2431 365 2434; x_wconf 95' lang='lat'>-</span> <span class='ocrx_word' id='word_1_109' title='bbox 441 2387 697 2456; x_wconf 86' lang='lat' dir='ltr'>Antisthenem</span> <span class='ocrx_word' id='word_1_110' title='bbox 721 2391 758 2455; x_wconf 92' lang='lat' dir='ltr'>in</span> <span class='ocrx_word' id='word_1_111' title='bbox 774 2388 842 2456; x_wconf 89' lang='lat' dir='ltr'>hoe</span> <span class='ocrx_word' id='word_1_112' title='bbox 865 2386 1008 2472; x_wconf 82' lang='lat' dir='ltr'>dialogo</span> <span class='ocrx_word' id='word_1_113' title='bbox 1026 2390 1231 2474; x_wconf 80' lang='lat' dir='ltr'>impugnari</span> <span class='ocrx_word' id='word_1_114' title='bbox 1246 2386 1352 2454; x_wconf 88' lang='lat' dir='ltr'>Plato</span> <span class='ocrx_word' id='word_1_115' title='bbox 1370 2388 1448 2470; x_wconf 88' lang='lat' dir='ltr'>ipse</span> 
     </span>
     <span class='ocr_line' id='line_1_19' title="bbox 355 2491 1447 2580; baseline -0.003 -22"><span class='ocrx_word' id='word_1_116' title='bbox 355 2498 566 2575; x_wconf 81' lang='lat' dir='ltr'>argumenta</span> <span class='ocrx_word' id='word_1_117' title='bbox 598 2494 745 2578; x_wconf 86' lang='lat' dir='ltr'>praebet</span> <span class='ocrx_word' id='word_1_118' title='bbox 780 2495 867 2560; x_wconf 87' lang='lat' dir='ltr'>satis</span> <span class='ocrx_word' id='word_1_119' title='bbox 903 2491 1014 2560; x_wconf 89' lang='lat' dir='ltr'>firma.</span> <span class='ocrx_word' id='word_1_120' title='bbox 1061 2492 1103 2560; x_wconf 87' lang='lat' dir='ltr'>ln</span> <span class='ocrx_word' id='word_1_121' title='bbox 1135 2493 1267 2580; x_wconf 88' lang='lat' dir='ltr'>quibus</span> <span class='ocrx_word' id='word_1_122' title='bbox 1299 2510 1447 2558; x_wconf 89' lang='lat' dir='ltr'>numero</span> 
     </span>
     <span class='ocr_line' id='line_1_20' title="bbox 354 2592 1447 2683; baseline -0.002 -21"><span class='ocrx_word' id='word_1_123' title='bbox 354 2595 456 2663; x_wconf 86' lang='lat' dir='ltr'>illam</span> <span class='ocrx_word' id='word_1_124' title='bbox 489 2595 533 2662; x_wconf 93' lang='lat' dir='ltr'>de</span> <span class='ocrx_word' id='word_1_125' title='bbox 560 2597 780 2674; x_wconf 78' lang='lat' dir='ltr'>Zalmoxide,</span> <span class='ocrx_word' id='word_1_126' title='bbox 810 2596 987 2665; x_wconf 82' lang='lat' dir='ltr'>Thracum</span> <span class='ocrx_word' id='word_1_127' title='bbox 1017 2619 1107 2682; x_wconf 71' lang='lat' dir='ltr'>rege,</span> <span class='ocrx_word' id='word_1_128' title='bbox 1128 2599 1276 2683; x_wconf 87' lang='lat' dir='ltr'>eiusque</span> <span class='ocrx_word' id='word_1_129' title='bbox 1299 2592 1447 2665; x_wconf 79' lang='lat' dir='ltr'>medicis</span> 
     </span>
     <span class='ocr_line' id='line_1_21' title="bbox 354 2697 1448 2788; baseline -0.008 -20"><span class='ocrx_word' id='word_1_130' title='bbox 354 2704 611 2769; x_wconf 80' lang='lat' dir='ltr'>narrationem:</span> <span class='ocrx_word' id='word_1_131' title='bbox 635 2723 668 2787; x_wconf 91' lang='lat' dir='ltr'>p.</span> <span class='ocrx_word' id='word_1_132' title='bbox 689 2707 750 2770; x_wconf 76' lang='lat'>156</span> <span class='ocrx_word' id='word_1_133' title='bbox 763 2702 805 2768; x_wconf 89' lang='lat' dir='ltr'>D.</span> <span class='ocrx_word' id='word_1_134' title='bbox 832 2701 943 2786; x_wconf 77' lang='grc' dir='ltr'>ἔμαθον</span> <span class='ocrx_word' id='word_1_135' title='bbox 967 2701 988 2765; x_wconf 83' lang='lat' dir='ltr'>b&#39;</span> <span class='ocrx_word' id='word_1_136' title='bbox 1016 2701 1105 2786; x_wconf 71' lang='grc' dir='ltr'>αὐτὴν</span> <span class='ocrx_word' id='word_1_137' title='bbox 1130 2701 1188 2786; x_wconf 85' lang='grc' dir='ltr'>ἐγὼ</span> <span class='ocrx_word' id='word_1_138' title='bbox 1209 2703 1271 2765; x_wconf 75' lang='grc' dir='ltr'>ἐκεῖ</span> <span class='ocrx_word' id='word_1_139' title='bbox 1292 2697 1347 2788; x_wconf 44' lang='grc' dir='ltr'>ἐπὶ·</span> <span class='ocrx_word' id='word_1_140' title='bbox 1363 2723 1448 2781; x_wconf 78' lang='grc' dir='ltr'>στρα-</span> 
     </span>
     <span class='ocr_line' id='line_1_22' title="bbox 353 2799 1449 2891; baseline 0 -26"><span class='ocrx_word' id='word_1_141' title='bbox 353 2809 415 2874; x_wconf 80' lang='grc' dir='ltr'>τιᾶς</span> <span class='ocrx_word' id='word_1_142' title='bbox 439 2802 518 2890; x_wconf 78' lang='grc' dir='ltr'>παρά</span> <span class='ocrx_word' id='word_1_143' title='bbox 541 2828 614 2876; x_wconf 82' lang='grc' dir='ltr'>τινος</span> <span class='ocrx_word' id='word_1_144' title='bbox 637 2811 690 2867; x_wconf 83' lang='grc' dir='ltr'>τῶν</span> <span class='ocrx_word' id='word_1_145' title='bbox 707 2805 827 2890; x_wconf 73' lang='grc' dir='ltr'>Θρᾳκῶν</span> <span class='ocrx_word' id='word_1_146' title='bbox 854 2813 906 2869; x_wconf 82' lang='grc' dir='ltr'>τῶν</span> <span class='ocrx_word' id='word_1_147' title='bbox 929 2799 1107 2891; x_wconf 78' lang='grc' dir='ltr'>Ζαλμόξιὸος</span> <span class='ocrx_word' id='word_1_148' title='bbox 1130 2808 1242 2891; x_wconf 82' lang='grc' dir='ltr'>ἰατρῶν,</span> <span class='ocrx_word' id='word_1_149' title='bbox 1267 2805 1295 2869; x_wconf 90' lang='grc' dir='ltr'>οἳ</span> <span class='ocrx_word' id='word_1_150' title='bbox 1317 2805 1449 2888; x_wconf 77' lang='grc' dir='ltr'>λε’γονται</span> 
     </span>
     <span class='ocr_line' id='line_1_23' title="bbox 353 2905 1448 2995; baseline -0.001 -26"><span class='ocrx_word' id='word_1_151' title='bbox 353 2905 403 2988; x_wconf 72' lang='grc' dir='ltr'>οιαὶ</span> <span class='ocrx_word' id='word_1_152' title='bbox 433 2905 664 2980; x_wconf 76' lang='grc' dir='ltr'>ἀπαθανατίζειν.</span> <span class='ocrx_word' id='word_1_153' title='bbox 704 2908 802 2994; x_wconf 80' lang='grc' dir='ltr'>ἔλεγεν</span> <span class='ocrx_word' id='word_1_154' title='bbox 833 2910 866 2974; x_wconf 79' lang='grc' dir='ltr'>δὲ</span> <span class='ocrx_word' id='word_1_155' title='bbox 894 2910 909 2974; x_wconf 81' lang='grc' dir='ltr'>ὁ</span> <span class='ocrx_word' id='word_1_156' title='bbox 934 2912 1010 2995; x_wconf 76' lang='grc' dir='ltr'>Θρᾷξ</span> <span class='ocrx_word' id='word_1_157' title='bbox 1039 2907 1130 2987; x_wconf 78' lang='grc' dir='ltr'>οὗτος,</span> <span class='ocrx_word' id='word_1_158' title='bbox 1165 2907 1208 2974; x_wconf 73' lang='grc' dir='ltr'>ὅτι</span> <span class='ocrx_word' id='word_1_159' title='bbox 1231 2915 1322 2974; x_wconf 79' lang='grc' dir='ltr'>ταῦτα</span> <span class='ocrx_word' id='word_1_160' title='bbox 1347 2908 1398 2993; x_wconf 81' lang='grc' dir='ltr'>μὲν</span> <span class='ocrx_word' id='word_1_161' title='bbox 1422 2907 1448 2969; x_wconf 80' lang='grc' dir='ltr'>οἱ</span> 
     </span>
     <span class='ocr_line' id='line_1_24' title="bbox 345 3008 1447 3100; baseline -0.008 -16"><span class='ocrx_word' id='word_1_162' title='bbox 345 3008 501 3094; x_wconf 72' lang='grc' dir='ltr'>Ἕλληνες,</span> <span class='ocrx_word' id='word_1_163' title='bbox 529 3008 547 3075; x_wconf 72' lang='grc' dir='ltr'><em>ἃ</em></span> <span class='ocrx_word' id='word_1_164' title='bbox 571 3018 619 3075; x_wconf 79' lang='grc' dir='ltr'>νῦν</span> <span class='ocrx_word' id='word_1_165' title='bbox 643 3015 678 3098; x_wconf 64' lang='lat' dir='ltr'>or}</span> <span class='ocrx_word' id='word_1_166' title='bbox 703 3014 761 3098; x_wconf 80' lang='grc' dir='ltr'>ἐγὼ</span> <span class='ocrx_word' id='word_1_167' title='bbox 781 3014 888 3100; x_wconf 79' lang='grc' dir='ltr'>ἔλεγον,</span> <span class='ocrx_word' id='word_1_168' title='bbox 913 3021 1008 3087; x_wconf 81' lang='grc' dir='ltr'>καλῶς</span> <span class='ocrx_word' id='word_1_169' title='bbox 1032 3016 1158 3099; x_wconf 76' lang='grc' dir='ltr'>λέγοιεν·</span> <span class='ocrx_word' id='word_1_170' title='bbox 1194 3014 1270 3080; x_wconf 76' lang='grc' dir='ltr'>ἀλλὰ</span> <span class='ocrx_word' id='word_1_171' title='bbox 1295 3013 1447 3097; x_wconf 75' lang='grc' dir='ltr'>Ζοίλμοξις,</span> 
     </span>
     <span class='ocr_line' id='line_1_25' title="bbox 355 3115 1449 3205; baseline -0.001 -25"><span class='ocrx_word' id='word_1_172' title='bbox 355 3116 421 3202; x_wconf 79' lang='grc' dir='ltr'>ἔφη,</span> <span class='ocrx_word' id='word_1_173' title='bbox 451 3117 528 3200; x_wconf 81' lang='grc' dir='ltr'>λέγει</span> <span class='ocrx_word' id='word_1_174' title='bbox 558 3116 572 3179; x_wconf 84' lang='grc' dir='ltr'><strong>ὁ</strong></span> <span class='ocrx_word' id='word_1_175' title='bbox 596 3116 736 3204; x_wconf 76' lang='grc' dir='ltr'>ἡμέτερος</span> <span class='ocrx_word' id='word_1_176' title='bbox 759 3119 903 3204; x_wconf 76' lang='grc' dir='ltr'>βασιλεύς,</span> <span class='ocrx_word' id='word_1_177' title='bbox 935 3121 999 3192; x_wconf 78' lang='grc' dir='ltr'>θεὸς</span> <span class='ocrx_word' id='word_1_178' title='bbox 1023 3115 1069 3198; x_wconf 79' lang='grc' dir='ltr'>ὤν,</span> <span class='ocrx_word' id='word_1_179' title='bbox 1095 3117 1138 3184; x_wconf 78' lang='lat' dir='ltr'>‘o&#39;r&#39;r</span> <span class='ocrx_word' id='word_1_180' title='bbox 1161 3117 1256 3205; x_wconf 71' lang='grc' dir='ltr'>ὥσπερ</span> <span class='ocrx_word' id='word_1_181' title='bbox 1280 3116 1449 3204; x_wconf 75' lang='grc' dir='ltr'>ὀφθαλμοὺς</span> 
     </span>
     <span class='ocr_line' id='line_1_26' title="bbox 355 3215 1450 3311; baseline -0.001 -27"><span class='ocrx_word' id='word_1_182' title='bbox 355 3215 424 3284; x_wconf 75' lang='grc' dir='ltr'>ἄνευ</span> <span class='ocrx_word' id='word_1_183' title='bbox 447 3226 578 3306; x_wconf 74' lang='grc' dir='ltr'>κεφαλῆς</span> <span class='ocrx_word' id='word_1_184' title='bbox 602 3221 635 3286; x_wconf 80' lang='grc' dir='ltr'>οὐ</span> <span class='ocrx_word' id='word_1_185' title='bbox 659 3226 705 3286; x_wconf 76' lang='grc' dir='ltr'>δεῖ</span> <span class='ocrx_word' id='word_1_186' title='bbox 731 3227 887 3310; x_wconf 77' lang='grc' dir='ltr'>ἐπιχειρεῖν</span> <span class='ocrx_word' id='word_1_187' title='bbox 917 3225 1022 3288; x_wconf 76' lang='grc' dir='ltr'>ἰοῖοθοιι</span> <span class='ocrx_word' id='word_1_188' title='bbox 1048 3224 1117 3288; x_wconf 78' lang='grc' dir='ltr'>οὐδὲ</span> <span class='ocrx_word' id='word_1_189' title='bbox 1149 3225 1280 3311; x_wconf 72' lang='grc' dir='ltr'>κεφαλὴν</span> <span class='ocrx_word' id='word_1_190' title='bbox 1304 3220 1372 3287; x_wconf 79' lang='grc' dir='ltr'>ἄνευ</span> <span class='ocrx_word' id='word_1_191' title='bbox 1395 3219 1450 3284; x_wconf 79' lang='grc' dir='ltr'>σώ-</span> 
     </span>
     <span class='ocr_line' id='line_1_27' title="bbox 354 3322 1448 3416; baseline -0.001 -28"><span class='ocrx_word' id='word_1_192' title='bbox 354 3351 452 3410; x_wconf 80' lang='grc' dir='ltr'>ματος,</span> <span class='ocrx_word' id='word_1_193' title='bbox 477 3322 568 3396; x_wconf 79' lang='grc' dir='ltr'>οὕτως</span> <span class='ocrx_word' id='word_1_194' title='bbox 592 3325 660 3390; x_wconf 77' lang='grc' dir='ltr'>οὐδὲ</span> <span class='ocrx_word' id='word_1_195' title='bbox 684 3333 768 3412; x_wconf 83' lang='grc' dir='ltr'>σῶμα</span> <span class='ocrx_word' id='word_1_196' title='bbox 792 3323 860 3391; x_wconf 80' lang='grc' dir='ltr'>ἄνευ</span> <span class='ocrx_word' id='word_1_197' title='bbox 885 3334 990 3416; x_wconf 76' lang='grc' dir='ltr'>ψυχῆς,</span> <span class='ocrx_word' id='word_1_198' title='bbox 1014 3329 1092 3394; x_wconf 69' lang='grc' dir='ltr'>ἀλλὰ</span> <span class='ocrx_word' id='word_1_199' title='bbox 1115 3336 1198 3393; x_wconf 77' lang='grc' dir='ltr'>τοῦτο</span> <span class='ocrx_word' id='word_1_200' title='bbox 1221 3327 1271 3393; x_wconf 82' lang='grc' dir='ltr'>καὶ</span> <span class='ocrx_word' id='word_1_201' title='bbox 1295 3325 1385 3392; x_wconf 81' lang='grc' dir='ltr'>αἴτιον</span> <span class='ocrx_word' id='word_1_202' title='bbox 1402 3323 1448 3414; x_wconf 68' lang='grc' dir='ltr'>εἴη</span> 
     </span>
     <span class='ocr_line' id='line_1_28' title="bbox 352 3429 1449 3520; baseline 0 -27"><span class='ocrx_word' id='word_1_203' title='bbox 352 3435 405 3493; x_wconf 76' lang='grc' dir='ltr'>τοῦ</span> <span class='ocrx_word' id='word_1_204' title='bbox 429 3429 595 3516; x_wconf 74' lang='grc' dir='ltr'>διαφεύγειν</span> <span class='ocrx_word' id='word_1_205' title='bbox 618 3432 683 3514; x_wconf 76' lang='grc' dir='ltr'>τοὺς</span> <span class='ocrx_word' id='word_1_206' title='bbox 706 3433 786 3518; x_wconf 81' lang='grc' dir='ltr'>παρὰ</span> <span class='ocrx_word' id='word_1_207' title='bbox 810 3435 867 3505; x_wconf 73' lang='grc' dir='ltr'>τοῖς</span> <span class='ocrx_word' id='word_1_208' title='bbox 882 3430 1027 3518; x_wconf 79' lang='grc' dir='ltr'>Ἕλλησιν</span> <span class='ocrx_word' id='word_1_209' title='bbox 1049 3435 1165 3520; x_wconf 71' lang='grc' dir='ltr'>ἰατροὺς</span> <span class='ocrx_word' id='word_1_210' title='bbox 1188 3435 1224 3498; x_wconf 81' lang='grc' dir='ltr'>τὰ</span> <span class='ocrx_word' id='word_1_211' title='bbox 1246 3432 1340 3496; x_wconf 71' lang='grc' dir='ltr'>πολλοὶ</span> <span class='ocrx_word' id='word_1_212' title='bbox 1364 3429 1449 3514; x_wconf 76' lang='grc' dir='ltr'>νοσή-</span> 
     </span>
     <span class='ocr_line' id='line_1_29' title="bbox 354 3531 1448 3623; baseline 0 -25"><span class='ocrx_word' id='word_1_213' title='bbox 354 3559 442 3618; x_wconf 83' lang='grc' dir='ltr'>ματα,</span> <span class='ocrx_word' id='word_1_214' title='bbox 475 3531 518 3598; x_wconf 75' lang='grc' dir='ltr'>ὅτι</span> <span class='ocrx_word' id='word_1_215' title='bbox 552 3535 584 3598; x_wconf 82' lang='grc' dir='ltr'>τὸ</span> <span class='ocrx_word' id='word_1_216' title='bbox 615 3533 681 3599; x_wconf 80' lang='grc' dir='ltr'>ὅλον</span> <span class='ocrx_word' id='word_1_217' title='bbox 710 3535 840 3621; x_wconf 84' lang='grc' dir='ltr'>ἀγνοοῖεν</span> <span class='ocrx_word' id='word_1_218' title='bbox 871 3533 905 3600; x_wconf 81' lang='grc' dir='ltr'>οὗ</span> <span class='ocrx_word' id='word_1_219' title='bbox 933 3539 995 3602; x_wconf 81' lang='grc' dir='ltr'>δέοι</span> <span class='ocrx_word' id='word_1_220' title='bbox 1024 3538 1076 3621; x_wconf 78' lang='grc' dir='ltr'>τὴν</span> <span class='ocrx_word' id='word_1_221' title='bbox 1100 3539 1267 3623; x_wconf 78' lang='grc' dir='ltr'>ἐπιμέλειαν</span> <span class='ocrx_word' id='word_1_222' title='bbox 1290 3537 1448 3610; x_wconf 72' lang='grc' dir='ltr'>ποιεῖσθαι,</span> 
     </span>
    </p>
   </div>
   <div class='ocr_carea' id='block_1_3' title="bbox 354 3633 1482 4148">
    <p class='ocr_par' dir='ltr' id='par_1_4' title="bbox 354 3633 1482 4148">
     <span class='ocr_line' id='line_1_30' title="bbox 354 3633 1482 3730; baseline 0.006 -29"><span class='ocrx_word' id='word_1_223' title='bbox 354 3633 389 3702; x_wconf 80' lang='grc' dir='ltr'>οὗ</span> <span class='ocrx_word' id='word_1_224' title='bbox 421 3639 460 3723; x_wconf 73' lang='grc' dir='ltr'>μὴ</span> <span class='ocrx_word' id='word_1_225' title='bbox 495 3643 591 3710; x_wconf 78' lang='grc' dir='ltr'>καλῶς</span> <span class='ocrx_word' id='word_1_226' title='bbox 625 3639 742 3726; x_wconf 79' lang='grc' dir='ltr'>ἔχοντος</span> <span class='ocrx_word' id='word_1_227' title='bbox 771 3639 911 3705; x_wconf 74' lang='grc' dir='ltr'>ἀδύνατον</span> <span class='ocrx_word' id='word_1_228' title='bbox 943 3641 989 3727; x_wconf 75' lang='grc' dir='ltr'>εἴη</span> <span class='ocrx_word' id='word_1_229' title='bbox 1012 3645 1044 3706; x_wconf 83' lang='grc' dir='ltr'>τὸ</span> <span class='ocrx_word' id='word_1_230' title='bbox 1070 3644 1154 3729; x_wconf 76' lang='grc' dir='ltr'>μέρος</span> <span class='ocrx_word' id='word_1_231' title='bbox 1179 3639 1211 3707; x_wconf 79' lang='grc' dir='ltr'>εὖ</span> <span class='ocrx_word' id='word_1_232' title='bbox 1236 3643 1323 3730; x_wconf 81' lang='grc' dir='ltr'>ἔχειν.</span> <span class='ocrx_word' id='word_1_233' title='bbox 1369 3640 1447 3708; x_wconf 77' lang='lat' dir='ltr'>Scis</span> <span class='ocrx_word' id='word_1_234' title='bbox 1473 3637 1482 3642; x_wconf 47' lang='grc'><strong>“</strong></span> 
     </span>
     <span class='ocr_line' id='line_1_31' title="bbox 354 3743 1448 3817; baseline -0.001 -5"><span class='ocrx_word' id='word_1_235' title='bbox 354 3747 451 3812; x_wconf 89' lang='lat' dir='ltr'>enim</span> <span class='ocrx_word' id='word_1_236' title='bbox 487 3743 742 3815; x_wconf 85' lang='lat' dir='ltr'>Antisthenem</span> <span class='ocrx_word' id='word_1_237' title='bbox 776 3753 903 3815; x_wconf 89' lang='lat' dir='ltr'>natum</span> <span class='ocrx_word' id='word_1_238' title='bbox 939 3770 1016 3816; x_wconf 88' lang='lat' dir='ltr'>esse</span> <span class='ocrx_word' id='word_1_239' title='bbox 1052 3749 1096 3817; x_wconf 88' lang='lat' dir='ltr'>ab</span> <span class='ocrx_word' id='word_1_240' title='bbox 1133 3748 1264 3817; x_wconf 88' lang='lat' dir='ltr'>aneilla</span> <span class='ocrx_word' id='word_1_241' title='bbox 1295 3745 1448 3814; x_wconf 85' lang='lat' dir='ltr'>Thressa</span> 
     </span>
     <span class='ocr_line' id='line_1_32' title="bbox 356 3849 1446 3940; baseline 0.002 -24"><span class='ocrx_word' id='word_1_242' title='bbox 356 3857 505 3934; x_wconf 83' lang='lat' dir='ltr'>eamque</span> <span class='ocrx_word' id='word_1_243' title='bbox 530 3849 574 3917; x_wconf 95' lang='lat' dir='ltr'>ob</span> <span class='ocrx_word' id='word_1_244' title='bbox 599 3871 744 3918; x_wconf 87' lang='lat' dir='ltr'>eausam</span> <span class='ocrx_word' id='word_1_245' title='bbox 770 3871 791 3917; x_wconf 89' lang='lat' dir='ltr'>a</span> <span class='ocrx_word' id='word_1_246' title='bbox 813 3851 966 3920; x_wconf 88' lang='lat' dir='ltr'>Platone</span> <span class='ocrx_word' id='word_1_247' title='bbox 989 3853 1132 3922; x_wconf 85' lang='lat' dir='ltr'>Theaet.</span> <span class='ocrx_word' id='word_1_248' title='bbox 1157 3877 1190 3940; x_wconf 91' lang='lat' dir='ltr'>p.</span> <span class='ocrx_word' id='word_1_249' title='bbox 1219 3851 1446 3922; x_wconf 76' lang='lat' dir='ltr'>174Ade1i-</span> 
     </span>
     <span class='ocr_line' id='line_1_33' title="bbox 355 3950 1447 4046; baseline 0.005 -28"><span class='ocrx_word' id='word_1_250' title='bbox 355 3950 430 4019; x_wconf 90' lang='lat' dir='ltr'>deri</span> <span class='ocrx_word' id='word_1_251' title='bbox 462 3951 509 4034; x_wconf 87' lang='lat' dir='ltr'>(v.</span> <span class='ocrx_word' id='word_1_252' title='bbox 534 3950 822 4025; x_wconf 86' lang='lat' dir='ltr'>Winokelmann.</span> <span class='ocrx_word' id='word_1_253' title='bbox 857 3958 1019 4027; x_wconf 88' lang='lat' dir='ltr'>Antisth.</span> <span class='ocrx_word' id='word_1_254' title='bbox 1049 3958 1111 4043; x_wconf 80' lang='lat' dir='ltr'>irg.</span> <span class='ocrx_word' id='word_1_255' title='bbox 1141 3981 1174 4046; x_wconf 87' lang='lat' dir='ltr'>p.</span> <span class='ocrx_word' id='word_1_256' title='bbox 1201 3965 1242 4028; x_wconf 80' lang='lat'>36</span> <span class='ocrx_word' id='word_1_257' title='bbox 1272 3961 1311 4031; x_wconf 89' lang='lat' dir='ltr'>in</span> <span class='ocrx_word' id='word_1_258' title='bbox 1335 3956 1447 4024; x_wconf 89' lang='lat' dir='ltr'>adno-</span> 
     </span>
     <span class='ocr_line' id='line_1_34' title="bbox 354 4057 1447 4148; baseline 0.005 -23"><span class='ocrx_word' id='word_1_259' title='bbox 354 4059 516 4140; x_wconf 87' lang='lat' dir='ltr'>tatione).</span> <span class='ocrx_word' id='word_1_260' title='bbox 574 4057 768 4128; x_wconf 87' lang='lat' dir='ltr'>Manifesta</span> <span class='ocrx_word' id='word_1_261' title='bbox 807 4069 861 4129; x_wconf 92' lang='lat' dir='ltr'>est</span> <span class='ocrx_word' id='word_1_262' title='bbox 904 4071 1083 4148; x_wconf 89' lang='lat' dir='ltr'>praeterea</span> <span class='ocrx_word' id='word_1_263' title='bbox 1126 4067 1242 4134; x_wconf 90' lang='lat' dir='ltr'>irrisio</span> <span class='ocrx_word' id='word_1_264' title='bbox 1292 4062 1447 4148; x_wconf 80' lang='lat' dir='ltr'>Cynico-</span> 
     </span>
    </p>
   </div>
   <div class='ocr_carea' id='block_1_4' title="bbox 354 4165 1451 4358">
    <p class='ocr_par' dir='ltr' id='par_1_5' title="bbox 354 4165 1451 4358">
     <span class='ocr_line' id='line_1_35' title="bbox 354 4165 1449 4252; baseline 0.005 -25"><span class='ocrx_word' id='word_1_265' title='bbox 354 4181 434 4228; x_wconf 89' lang='lat' dir='ltr'>rum</span> <span class='ocrx_word' id='word_1_266' title='bbox 478 4165 664 4249; x_wconf 89' lang='lat' dir='ltr'>superbiae</span> <span class='ocrx_word' id='word_1_267' title='bbox 708 4187 900 4252; x_wconf 90' lang='lat' dir='ltr'>eorumque</span> <span class='ocrx_word' id='word_1_268' title='bbox 946 4189 1027 4236; x_wconf 90' lang='lat' dir='ltr'>oum</span> <span class='ocrx_word' id='word_1_269' title='bbox 1071 4168 1139 4236; x_wconf 90' lang='lat' dir='ltr'>diis</span> <span class='ocrx_word' id='word_1_270' title='bbox 1179 4167 1449 4238; x_wconf 87' lang='lat' dir='ltr'>similitudinis:</span> 
     </span>
     <span class='ocr_line' id='line_1_36' title="bbox 355 4265 1451 4358; baseline 0.003 -26"><span class='ocrx_word' id='word_1_271' title='bbox 355 4286 387 4332; x_wconf 84' lang='lat' dir='ltr'>V.</span> <span class='ocrx_word' id='word_1_272' title='bbox 405 4265 548 4336; x_wconf 76' lang='lat' dir='ltr'>Isocrat.</span> <span class='ocrx_word' id='word_1_273' title='bbox 574 4291 620 4336; x_wconf 85' lang='lat' dir='ltr'>or.</span> <span class='ocrx_word' id='word_1_274' title='bbox 648 4267 730 4354; x_wconf 72' lang='grc' dir='ltr'>ικοιτοὶ</span> <span class='ocrx_word' id='word_1_275' title='bbox 754 4275 807 4334; x_wconf 81' lang='grc' dir='ltr'>τῶν</span> <span class='ocrx_word' id='word_1_276' title='bbox 831 4270 978 4356; x_wconf 74' lang='grc' dir='ltr'>σοφιστῶν</span> <span class='ocrx_word' id='word_1_277' title='bbox 1016 4280 1083 4352; x_wconf 61' lang='grc' dir='ltr'>Μ.</span> <span class='ocrx_word' id='word_1_278' title='bbox 1115 4271 1164 4338; x_wconf 86' lang='grc' dir='ltr'>καὶ</span> <span class='ocrx_word' id='word_1_279' title='bbox 1188 4274 1303 4357; x_wconf 78' lang='grc' dir='ltr'>λέγουσι</span> <span class='ocrx_word' id='word_1_280' title='bbox 1328 4271 1387 4358; x_wconf 77' lang='grc' dir='ltr'>μὲν,</span> <span class='ocrx_word' id='word_1_281' title='bbox 1412 4273 1451 4346; x_wconf 79' lang='grc' dir='ltr'>ὡς</span> 
     </span>
    </p>
   </div>
   <div class='ocr_carea' id='block_1_5' title="bbox 445 4472 1095 4551">
    <p class='ocr_par' dir='ltr' id='par_1_6' title="bbox 445 4472 1095 4551">
     <span class='ocr_line' id='line_1_37' title="bbox 445 4472 1095 4551; baseline 0.014 -22"><span class='ocrx_word' id='word_1_282' title='bbox 445 4472 465 4540; x_wconf 83' lang='lat'>¹)</span> <span class='ocrx_word' id='word_1_283' title='bbox 484 4473 587 4532; x_wconf 89' lang='lat' dir='ltr'>Litter.</span> <span class='ocrx_word' id='word_1_284' title='bbox 607 4475 727 4536; x_wconf 85' lang='lat' dir='ltr'>Fehden</span> <span class='ocrx_word' id='word_1_285' title='bbox 746 4479 773 4535; x_wconf 92' lang='lat' dir='ltr'>d.</span> <span class='ocrx_word' id='word_1_286' title='bbox 793 4484 817 4535; x_wconf 83' lang='lat'>4.</span> <span class='ocrx_word' id='word_1_287' title='bbox 836 4479 937 4538; x_wconf 86' lang='lat' dir='ltr'>Jahrh.</span> <span class='ocrx_word' id='word_1_288' title='bbox 957 4481 989 4538; x_wconf 89' lang='grc' dir='ltr'>Π</span> <span class='ocrx_word' id='word_1_289' title='bbox 1007 4500 1035 4551; x_wconf 85' lang='lat' dir='ltr'>p.</span> <span class='ocrx_word' id='word_1_290' title='bbox 1055 4489 1095 4540; x_wconf 88' lang='lat'>61.</span> 
     </span>
    </p>
   </div>
   <div class='ocr_carea' id='block_1_6' title="bbox 0 0 1630 5252">
    <p class='ocr_par' dir='ltr' id='par_1_7' title="bbox 0 0 1630 5252">
     <span class='ocr_line' id='line_1_38' title="bbox 0 0 1630 5252; baseline 0 0"><span class='ocrx_word' id='word_1_291' title='bbox 0 0 1630 5252; x_wconf 95' lang='lat' dir='ltr'> </span> 
     </span>
    </p>
   </div>
  </div>
 </body>
</html>
