3246 5252
865 523 907 601 11

340 724 444 794 111111
479 713 571 792 stare
606 726 677 794 sibi
707 723 819 809 fingit.
875 723 998 810 Neque
1035 725 1129 790 enim
1163 723 1269 792 nobis
1302 722 1440 792 oblivi-

242 893 244 900 ,
338 828 510 898 scendum
535 836 599 908 est,
630 828 912 916 Xenophontem
935 849 1081 915 prorsus
1107 825 1210 895 aliter
1234 830 1363 895 sentire
1389 825 1438 894 de

341 933 468 1020 Cynici
499 931 599 1002 illius
646 932 807 1002 doctrina
847 953 954 1018 quam
989 931 1186 1000 Platonem.
1247 929 1318 1012 our
1350 931 1435 998 An-

336 1037 530 1108 tisthenem
560 1045 601 1105 ut
632 1036 894 1124 imprudentem
928 1035 1079 1104 illudere
1110 1042 1249 1122 poterat
1285 1037 1437 1120 eiusque

335 1141 518 1230 paradoxa
546 1144 719 1209 inrisum
742 1150 885 1210 vertere.
933 1141 1015 1211 Non
1039 1143 1089 1209 ita
1111 1140 1303 1226 Xenopho.
1337 1137 1438 1207 Huic

337 1248 456 1316 sobrio
481 1245 659 1315 nobilium
677 1248 801 1326 amieo,
824 1247 909 1313 huic
925 1246 1033 1314 militi
1051 1246 1181 1314 crebris
1199 1244 1434 1330 periculosis-

270 1354 273 1358 ’
338 1372 405 1436 que
441 1347 730 1437 expeditionibus
773 1348 899 1418 durato
932 1347 1166 1435 philosophia
1202 1349 1435 1435 Cynicorum,

339 1475 429 1540 quae
453 1461 529 1522 tota
553 1457 590 1521 11
616 1454 1213 1540 111111111111111111111111111
1238 1454 1434 1538 quicquam

276 1623 277 1628 ,
337 1561 411 1626 nisi
444 1557 649 1627 felicitatem
684 1558 875 1626 hominum
910 1559 1109 1644 spectabat,
1145 1555 1259 1626 multo
1302 1555 1436 1624 melius

336 1663 484 1750 placuit,
529 1683 636 1748 quam
673 1664 804 1730 eximia
837 1660 902 1729 illa
935 1660 1101 1730 Platonis
1135 1660 1307 1740 doctrina,
1343 1682 1438 1746 quae

337 1765 451 1835 libera
493 1766 538 1833 ab
580 1767 748 1842 omnibus
792 1766 899 1834 rebus
941 1767 1167 1835 terrestribus
1213 1767 1352 1834 animos
1389 1764 1436 1832 ad

337 1869 436 1940 ideas
451 1870 688 1938 convertebat.
704 1869 837 1950 Quanti
850 1857 1437 1957 feceritXenophoAntisthenem,

339 1975 422 2043 inde
459 1978 591 2061 optime
626 1973 819 2059 intellegis
863 1973 959 2061 quod
995 1995 1076 2042 eum
1113 1973 1436 2058 diligentissimum

339 2078 495 2146 Socratis
521 2077 740 2165 discipulum
763 2079 874 2147 fuisse
906 2100 971 2147 nos
996 2077 1099 2147 docet
1122 2081 1270 2164 eiusque
1295 2078 1439 2148 decreta

340 2185 391 2250 ita
413 2179 550 2260 laudat,
575 2191 712 2250 utnon
736 2180 887 2252 dubium
912 2185 970 2262 sit,
994 2186 1082 2268 quin
1106 2185 1156 2250 eis
1172 2181 1281 2269 plane
1308 2205 1434 2253 assen-

339 2289 456 2356 tiatur.
474 2288 500 2369 1)
548 2285 587 2354 Si
610 2289 719 2372 igitur
742 2286 994 2376 Euthydemus
1027 2287 1096 2356 hoc
1130 2286 1209 2354 loco
1249 2308 1331 2356 cum
1355 2289 1436 2355 An-

338 2391 494 2459 tisthene
527 2393 564 2458 in
595 2397 803 2478 contemptu
834 2391 1096 2478 rhapsodorum
1127 2395 1325 2470 consentit,
1366 2377 1457 2459 hoc¹

338 2517 412 2564 non
430 2494 725 2564 demonstratum
750 2504 813 2575 est,
838 2497 905 2565 sub
929 2517 1084 2582 persona
1106 2495 1330 2582 Euthydemi
1354 2495 1435 2562 An-

338 2598 534 2667 tisthenem
556 2598 675 2679 latere,
700 2598 763 2667 sed
786 2599 823 2667 id
847 2599 977 2681 solum,
1011 2600 1106 2687 quod
1129 2601 1310 2688 Xenopho
1340 2600 1439 2666 hanc

340 2707 554 2772 sententiam
576 2704 790 2790 probaverit.
1140 2703 1142 2709 ’

429 2806 499 2874 Sed
534 2815 754 2875 revertamur
788 2807 834 2876 ad
870 2811 1125 2898 quaestionem,
1162 2808 1206 2876 ad
1243 2827 1437 2893 quemnam

340 2911 523 2979 referenda
557 2913 604 2978 sit
638 2911 703 2979 illa
738 2911 933 2998 disputatio
970 2913 1012 2980 de
1048 2911 1154 2981 effato
1189 2915 1281 2998 <γνῶθι
1312 2909 1436 2974 σαυτόν’.

339 3015 391 3082 Ut
413 3016 513 3084 brevi
538 3014 664 3094 dicam,
695 3015 788 3084 hanc
812 3038 952 3103 quoque
984 3016 1029 3084 ad
1052 3017 1309 3085 Antisthenem
1333 3035 1435 3102 spec·

340 3127 416 3187 tare
451 3120 541 3188 mihi
574 3124 747 3206 persuasi.
805 3120 994 3189 Nescimus
1035 3120 1197 3209 quidem,
1234 3119 1320 3207 quid
1355 3121 1435 3188 An-

340 3226 517 3293 tisthenes
541 3227 618 3310 ipse
643 3223 685 3292 de
709 3226 834 3293 111111
859 3228 1019 3304 senserit,
1052 3225 1115 3293 sed
1147 3223 1304 3301 mirabili
1327 3215 1436 3292 modo

343 3352 422 3397 cum
447 3327 704 3414 Xenophontis
734 3333 1042 3413 argumentatione
1077 3332 1308 3408 conveniunt,
1344 3349 1437 3414 quae

340 3434 409 3501 Dio
446 3433 631 3519 Chrysost.
667 3431 712 3499 X.
748 3455 781 3518 p.
819 3438 882 3501 203
917 3433 950 3500 R
1006 3441 1040 3502 11
1072 3436 1261 3521 praecipue
1295 3431 1434 3500 Julian.

343 3559 390 3605 or.
416 3536 468 3605 VI
491 3543 526 3603 et
548 3535 618 3604 VII
653 3535 696 3604 de
729 3557 769 3603 ea
792 3536 1028 3622 protulerunt.
1074 3536 1126 3604 Ut
1150 3535 1313 3604 Socrates
1338 3535 1436 3623 apud

340 3642 634 3727 Xenophontem,
657 3643 707 3708 ita
721 3640 877 3727 Cynicos
901 3638 993 3710 illud
1016 3640 1224 3726 1111111111
1246 3663 1310 3728 pro
1334 3643 1435 3727 prin-

343 3748 434 3832 cipio
460 3753 566 3832 atque
598 3744 831 3814 fundamento
868 3749 984 3814 omnis
1017 3748 1234 3829 cognitionis
1262 3744 1436 3814 habuisse

341 3851 446 3919 nobis
477 3855 669 3917 testantur:
712 3873 743 3918 v.
768 3849 904 3918 Julian.
929 3849 998 3919 VH
1031 3873 1064 3938 p.
1090 3855 1154 3918 225
1179 3850 1221 3916 D.
1268 3847 1347 3934 ἀρχὴ
1382 3846 1436 3932 μὲν

341 3948 391 4017 οὖν
415 3952 518 4016 ἑαυτὸν
541 3957 656 4035 γνῶναι,
690 3953 771 4025 τέλος
795 3952 827 4016 δὲ
851 3952 869 4036 ἡ
893 3955 963 4039 πρὸς
986 3956 1052 4027 τοὺς
1075 3954 1237 4041 κρείττονας
1261 3950 1435 4042 &mittat-²)

340 4091 384 4102 -
405 4056 495 4125 Ibid.
520 4053 572 4124 VI
605 4078 638 4142 p.
666 4062 728 4124 183
752 4057 794 4126 D.
831 4055 932 4121 σκόπει
955 4058 1000 4142 δή,
1036 4060 1061 4122 εἰ
1083 4060 1123 4143 μή
1146 4060 1178 4122 τὸ
1203 4057 1306 4122 ἑαυτὸν
1329 4061 1435 4142 γνῶναι

428 4297 697 4366 1)1.111111.115.
735 4296 876 4357 011111
895 4303 919 4367 6,
942 4303 988 4365 12;
1016 4299 1107 4368 1114,
1128 4303 1152 4368 6,
1173 4303 1203 4368 8;
1232 4297 1277 4355 IV
1295 4303 1338 4355 34.

428 4384 450 4542 ἓξ
469 4385 507 4444 cf.
532 4384 687 4443 Demonax
712 4383 746 4444 in
775 4384 854 4444 Stob·
882 4385 975 4454 florig.
1001 4385 1077 4444 XXI
1102 4391 1118 4443 8
1143 4387 1182 4454 (v.
1201 4385 1258 4443 Ed.
1275 4384 1384 4444 Weber
1400 4383 1433 4442 11.

339 4489 370 4543 1).
389 4475 459 4531 101.
889 4507 890 4514 .
