3246 5252
677 543 808 629 ω’

52 819 56 824 .
153 776 233 821 cum
278 751 340 819 ille
377 759 553 838 potestate
600 771 668 818 sua
701 771 772 817 non
809 772 887 819 raro
923 752 1093 819 abutatur
1127 771 1245 836 neque

153 857 264 925 saluti
288 856 505 942 reipublicae
518 853 696 933 consulat,
721 853 783 922 sed
807 857 883 923 suis
908 857 1023 941 ipsius
1047 853 1243 924 commodis

153 963 292 1028 serviet.
346 960 471 1045 Itaque
510 960 638 1027 melius
673 979 761 1038 esse,
796 959 893 1043 leges
923 963 1076 1038 retineri,
1112 961 1245 1044 quippe
1276 956 1283 968 '

149 1086 243 1151 qliae
271 1085 292 1130 a
318 1066 408 1134 uiris
440 1066 525 1131 artis
567 1063 737 1150 politicae
782 1067 906 1150 peritis
954 1067 1105 1150 scriptae
1151 1065 1243 1129 sint:

152 1166 1245 1253 amdmpdmtmkmmmmmmnssmndffigmfflmn

152 1273 201 1336 καί
235 1297 317 1336 τινων
347 1271 513 1358 Εομβοόλων
549 1272 664 1336 ἕκαστα·
690 1260 850 1360 χαμιέντως
892 1271 1164 1356 Εομβοολεοσοὶντων
1195 1267 1244 1334 καὶ

151 1377 312 1440 πεισάντων
350 1377 453 1440 θέσθαι
491 1377 522 1440 τὸ
560 1380 676 1461 πλῆθος,
716 1375 731 1439 ὁ
773 1377 851 1462 παρὰ
895 1381 986 1440 ταῦτα
1021 1379 1131 1459 τολμῶν
1166 1379 1245 1460 ὁμοῖν,

152 1480 360 1566 ἁμαρτήματος
391 1479 550 1566 ἁμάρτημα
574 1480 791 1544 πολλαπλάσιον
815 1479 1057 1566 ἀπεργαζόμενος,
1089 1478 1246 1564 ἀνατρέπω

152 1590 249 1648 πᾶσαν
273 1581 307 1648 ἄν
330 1590 429 1670 πρᾶξιν
446 1584 487 1648 ἔτι
504 1585 643 1669 μειζόνως
658 1590 711 1648 τῶν
728 1584 963 1670 ξυγγραμμάτων.
976 1585 1002 1669 ¹)
1037 1583 1088 1652 Ut
1110 1583 1245 1662 Videas,

157 1711 263 1775 quam
287 1693 505 1758 necessarias
538 1689 636 1774 leges
671 1711 748 1757 esse
772 1689 876 1757 Plato
915 1690 985 1758 sibi
1019 1689 1245 1776 persuaserit,

154 1793 334 1864 Critonem
352 1793 534 1878 dialogum
560 1796 608 1880 (p.
634 1795 793 1870 tte—54)
819 1797 856 1862 in
872 1797 1080 1863 memoriam
1093 1813 1246 1869 revoces,
1286 1831 1289 1836 ·

153 1900 227 1977 ubi,
252 1919 467 1984 quamquam
491 1902 661 1982 magister
674 1901 880 1967 carissimus
905 1921 947 1966 ex
971 1901 1015 1967 iis
1040 1897 1245 1966 interfectus

157 2013 220 2081 est,
244 2003 351 2088 plane
374 2011 493 2071 tamen
519 2025 577 2070 eas
601 2005 739 2089 probat.

158 2153 160 2160 ·
239 2109 273 2174 A
307 2107 535 2176 Duemmlero
560 2108 720 2175 Antisth.
756 2113 836 2194 p.3
871 2129 945 2194 sqq.
976 2109 1066 2176 bene
1097 2106 1245 2175 demon-

156 2219 308 2280 stratum
340 2218 404 2290 est,
439 2210 629 2280 Platonem
665 2219 699 2278 et
725 2211 980 2280 Antisthenem
1014 2210 1064 2297 tde
1094 2214 1245 2279 summis

153 2315 407 2403 philosophiae
439 2315 555 2384 civilis
580 2315 765 2403 capitibus'
803 2319 1043 2392 consensisse;
1068 2315 1130 2382 sed
1156 2337 1244 2401 quo-

153 2419 260 2488 modo
284 2422 372 2489 haee
402 2419 617 2507 respublica,
657 2442 727 2506 qua
757 2422 921 2490 homines
954 2421 999 2489 ad
1022 2441 1143 2487 veram
1165 2417 1244 2488 feli-

155 2527 299 2593 citatem
322 2525 607 2611 perducerentur,
632 2525 825 2594 statuenda
848 2533 951 2604 esset,
975 2524 1080 2592 valde
1104 2523 1243 2591 dissen-

154 2637 286 2698 serunt.
368 2629 448 2710 Qua
488 2633 625 2698 ratione
666 2631 903 2698 Antisthenes
948 2629 1245 2716 perfectissimam

155 2737 334 2802 civitatem
359 2737 429 2803 sibi
452 2734 596 2803 finxerit
626 2756 766 2822 quaque
797 2738 913 2802 ironia
934 2736 977 2803 ob
1015 2755 1091 2800 eam
1115 2755 1136 2800 a
1159 2732 1244 2800 Pla-

153 2847 239 2907 tone
262 2837 393 2906 illusus
419 2842 476 2918 sit,
502 2859 611 2925 supra
634 2843 704 2906 iam
721 2838 888 2907 vidimus.
936 2838 1056 2905 Etiam
1079 2836 1244 2906 hocloco

152 2943 344 3012 Platonem
369 2942 411 3010 ad
438 2943 667 3011 Antisthenis
703 2943 932 3030 disciplinam
967 2949 1125 3028 spectare
1161 2963 1244 3009 cen-

154 3069 262 3115 seam.
311 3047 401 3115 Oum
434 3047 494 3115 ille
524 3047 621 3131 leges
657 3051 874 3115 necessarias
911 3069 987 3114 esse
1023 3045 1245 3122 confiteatur,

155 3149 313 3237 Cynicus
342 3153 485 3237 sepiens
521 3173 580 3219 eas
615 3174 761 3238 prorsus
791 3155 904 3219 reicit:
940 3175 972 3218 ν.
998 3151 1244 3235 Diog.Lae1¹t.

153 3254 212 3323 Vl.
240 3261 289 3322 11:
325 3256 373 3318 τὸν
397 3256 485 3340 σοφὸν
509 3253 543 3319 od
560 3258 634 3320 antei
653 3256 724 3327 -τούς
746 3256 895 3339 κειμένους
910 3255 1014 3339 νόμους
1031 3253 1245 3330 πολιτεύεσθαι,
1299 3294 1304 3302 -

153 3358 230 3422 ἀλλὰ
253 3361 328 3422 κατὰ
352 3361 399 3424 τὸν
422 3367 473 3444 τῆς
496 3359 608 3445 ἀρετῆς.
655 3361 747 3428 Nam
782 3361 897 3446 legem
929 3363 1142 3430 contrariam
1168 3381 1246 3428 esse

153 3472 312 3544 naturae,
337 3486 426 3551 quae
443 3465 521 3532 sola
537 3466 643 3535 nobis
660 3464 865 3533 felicitatem
881 3465 1066 3551 praebeat:
1091 3488 1122 3532 ν.
1141 3464 1245 3546 Diog.

154 3566 1247 3654 mmlqffimmsfflhfflwdfflfflmeffl

155 3671 205 3756 μὲν
244 3672 364 3758 θάρσος,
412 3672 492 3756 νόμῳ
531 3673 563 3736 δὲ
601 3673 693 3759 φύσιν.
731 3711 772 3720 --·
819 3675 966 3742 ArlSlOl.
1007 3673 1112 3743 Polli.
1153 3674 1169 3741 l
1209 3678 1248 3739 13

153 3782 430 3863 p.lffi4alh
495 3777 646 3864 ωὶγῲ
692 3775 960 3862 μωωςᾶνεῆ
1007 3781 1248 3861 mmhmhem

154 3881 328 3966 πειρώμενος
360 3881 420 3946 κατ’
448 3881 559 3946 αὐτῶν·
591 3883 701 3966 λέγοιεν
724 3883 779 3966 γὰρ
811 3879 845 3945 ἂν
868 3880 938 3954 ἴσως
973 3879 1046 3967 ἅπερ
1068 3881 1249 3963 Ἀντισθένης

154 3984 211 4070 ἔφη
235 3986 300 4058 τοὺς
324 3987 455 4058 λέοντας·
475 3986 717 4072 δημηγορούντων
752 3992 806 4050 τῶν
829 3986 1003 4051 δασυπόδων
1036 3984 1087 4049 καὶ
1121 3986 1153 4049 τὸ
1187 3983 1249 4049 ἴσον

154 4089 311 4163 ἀξιούντων
334 4090 442 4163 πάντας
466 4087 553 4178 ἔχειν.
600 4090 743 4177 Optime
766 4100 947 4178 praeterea
969 4091 1129 4159 illustrat
1152 4091 1246 4158 hanc

154 4196 377 4282 Cynicorum
414 4200 627 4265 sententiam
651 4195 787 4264 Julian.
825 4220 872 4265 or.
897 4195 948 4262 VI
970 4217 1003 4282 p.
1031 4201 1092 4262 193
1114 4195 1155 4261 D.
1200 4199 1249 4276 τῆς

154 4299 281 4384 Κυνικῆς
304 4300 337 4364 δὲ
361 4301 534 4388 φιλοσοφίας
569 4303 673 4373 σκοπὸς
709 4302 760 4386 μέν
790 4303 849 4364 ἐστι
883 4297 932 4363 καὶ
967 4299 1056 4374 τέλος,
1079 4295 1175 4383 ὥσπερ
1210 4299 1247 4381 δὴ

156 4591 160 4596 .
205 4567 209 4575 -
242 4527 264 4587 “λ
284 4525 400 4584 Politie.
420 4547 449 4596 p.
468 4532 519 4585 300
538 4527 571 4584 B.
