3246 5252
721 616 738 679 7

184 797 411 885 Polycratem
443 805 601 886 spectare
633 823 707 869 non
730 809 896 889 possunt,
927 804 989 873 sed
1013 811 1076 875 aut
1100 807 1145 875 ad
1169 809 1276 878 disci-

183 902 291 990 pulos
308 911 371 972 aut
388 903 432 972 ad
448 903 539 972 alios
558 905 744 990 quosdam,
764 912 824 994 qui
838 908 994 978 Socratis
1018 913 1277 983 consuetudine

184 1011 242 1076 usi
266 1016 366 1077 erant
388 1006 589 1076 referendae
613 1018 708 1092 sunt,
732 1035 765 1080 v.
782 1012 887 1082 Mem.
912 1014 965 1082 12
996 1023 1053 1095 19;
1077 1017 1174 1097 Ι4,1
1200 1041 1275 1106 sqq⁸

270 1115 328 1184 Ab
364 1115 433 1182 hac
468 1117 578 1198 igitur
618 1120 797 1186 sententia
834 1125 1006 1205 tanquam
1041 1121 1276 1194 fundamento

183 1219 362 1305 proiectus
397 1217 584 1288 Krohnius
621 1225 750 1301 omnia,
787 1243 877 1309 quae
912 1229 944 1293 ei
977 1236 1182 1312 repugnant
1201 1217 1278 1299 'aut

183 1316 346 1408 magistri
362 1327 569 1394 memoriam
590 1327 792 1411 inquinant,
817 1327 961 1397 aliunde
978 1333 1112 1400 inserta
1129 1355 1277 1420 eamque

185 1431 230 1499 ob
263 1451 337 1498 rem
371 1451 392 1497 a
426 1429 670 1517 Xenophonte
699 1431 939 1501 abiudioanda
974 1456 1051 1503 esse
1076 1439 1275 1508 arbitratur.

185 1533 290 1615 Quod
320 1541 361 1602 ut
389 1555 453 1621 pro
487 1541 580 1602 certo
617 1534 779 1614 affirmet,
815 1542 1089 1607 commentarios
1115 1551 1277 1614 accurate

183 1645 429 1728 perscrutatus
462 1638 599 1706 multos
634 1639 732 1708 locos
769 1644 807 1708 in
841 1645 886 1709 iis
921 1645 1077 1714 inveniri
1110 1645 1277 1727 ostendit,

173 1738 261 1838 'qui'
280 1744 378 1812 haud
414 1743 521 1814 dubie
556 1744 848 1829 interpolatorem
882 1747 1045 1832 prodant.
1102 1750 1146 1818 ln
1179 1750 1277 1819 hisce

187 1859 268 1918 ante
310 1852 429 1938 omnia
469 1855 634 1918 numerat
667 1850 936 1920 memorabilem
977 1853 1080 1922 illam
1116 1854 1159 1923 de
1193 1877 1276 1941 pro-

184 1955 344 2025 videntia
367 1954 514 2024 deorum
531 1953 813 2040 disputationem
830 1955 863 2036 (I
874 1959 911 2039 4)
927 1957 1133 2046 multasque
1150 1981 1277 2028 causas

185 2060 307 2139 adfert,
343 2081 386 2126 ex
421 2061 552 2146 quibus
588 2065 768 2145 appareat,
810 2081 888 2128 eam
925 2060 1134 2143 doctrinam,
1150 2133 1152 2138 ,
1169 2086 1277 2151 quarn

183 2165 363 2252 Xenopho
401 2167 470 2235 hoo
511 2163 590 2232 loco
632 2162 832 2250 protulerit,
872 2186 945 2233 non
980 2189 1001 2234 a
1036 2166 1180 2260 Socrate
1215 2168 1278 2238 sed

185 2271 328 2340 demum
363 2291 384 2337 a
419 2269 549 2338 Stoicis
585 2270 764 2355 prolatam
798 2292 885 2338 esse.
940 2270 1019 2340 'Sed
1054 2284 1277 2357 argumenta,

185 2397 275 2462 quac
300 2375 444 2463 quidem
466 2395 599 2459 magna
623 2373 828 2460 eloquentia
850 2374 1080 2460 proferuntur
1103 2385 1137 2446 ct
1160 2383 1276 2465 primo

186 2482 314 2551 obtutu
351 2483 503 2566 speciem
538 2480 699 2548 veritatis
728 2498 813 2565 prae
848 2499 886 2547 se
920 2480 1007 2548 ferre
1036 2482 1213 2563 videntur,
1247 2489 1279 2552 si

185 2588 384 2654 accuratius
430 2585 725 2683 perspexerimus,
767 2605 853 2686 'non
899 2581 1037 2656 solum'
1063 2607 1168 2664 vana,
1216 2586 1278 2654 sed

185 2713 331 2779 prorsus
355 2689 449 2759 falsa
473 2711 550 2756 esse
575 2688 837 2772 intellegemus.

720 3060 780 3150 i„

272 3217 392 3300 Atque
414 3219 571 3301 primum
595 3214 739 3302 quidem
763 3213 914 3283 offendit
935 3219 973 3283 in
997 3217 1115 3283 verbis
1133 3218 1278 3302 quaein

185 3323 288 3388 initio
305 3320 414 3387 huius
438 3323 564 3406 eapitis
588 3326 747 3388 exstant:
773 3320 798 3382 εἰ
814 3319 846 3382 δέ
862 3345 934 3391 τινες
951 3319 1093 3405 Σωκράτη
1108 3318 1278 3403 νομίζουσιν,

184 3423 226 3496 οἷς
250 3423 320 3488 ἔνιοι
342 3423 484 3510 γροίιρουσί
518 3448 550 3487 τε
583 3422 633 3488 καί
672 3424 788 3506 λέγουσι
816 3423 882 3510 περὶ
920 3422 1009 3488 αὐτοῦ
1047 3422 1278 3509 τεκμαιρόμενοι,

184 3529 404 3615 προτρέψασθαι
444 3527 496 3612 μὲν
530 3527 696 3613 ἀνθρώπους
731 3527 773 3592 ἐπ’
805 3528 911 3615 οίρετήν
941 3527 1091 3614 κροίτιστον
1120 3527 1278 3612 γεγονέναι,

184 3635 359 3719 προαγαγεῖν
394 3631 421 3697 δ’
455 3633 497 3698 ἐπ’
530 3632 619 3718 αὐτὴν
650 3632 706 3720 οὐχ
736 3633 842 3709 ἱκανόν,
872 3633 1049 3718 σκεψάμενοι
1077 3632 1117 3717 μή
1150 3631 1235 3716 μόνον
1259 3628 1278 3695 ἃ

185 3741 293 3810 ἐκεῖνος
314 3737 506 3824 κολαστηρίου
537 3740 622 3802 ἕνεκα
652 3739 718 3810 τους
747 3738 827 3802 πάντ’
854 3737 1002 3822 οἰομένους
1026 3738 1133 3801 εἰδέναι
1165 3738 1279 3821 ἐρωτῶν

183 3841 318 3932 ἤλεγχεν,
355 3843 432 3909 ἀλλὰ
470 3842 519 3908 καί
554 3839 689 3927 ἃλέγιυν
714 3843 920 3927 ουνόιιγμὲρευε
952 3845 1010 3913 τοῖς
1045 3838 1271 3926 συνδιατρίβουσι

185 3948 408 4034 δοκιμαζόντων,
433 3950 459 4012 εἰ
482 3949 579 4020 ἱκανὸς
602 3943 637 4032 ἧν
661 3946 789 4034 βελτίους
812 3951 904 4010 ποιεῖν
927 3947 993 4020 τοὺς
1021 3943 1164 4020 συνόντας,
1198 3967 1279 4014 cum

186 4076 229 4122 ex
252 4057 296 4122 iis
322 4053 496 4132 evaderet,
519 4056 730 4139 priusquam
747 4052 928 4138 Xenopho
952 4050 1087 4120 librum
1110 4073 1217 4118 suum
1240 4053 1278 4118 in
1306 4062 1308 4066 ’

184 4157 301 4226 lucem
325 4161 509 4238 emitteret,
541 4157 661 4244 plures
693 4161 766 4226 iam
791 4156 833 4227 de
857 4155 1014 4240 Socratis
1038 4156 1111 4223 fato
1137 4164 1171 4223 et
1194 4155 1277 4223 doo-

185 4265 279 4331 trina
303 4266 497 4349 scripsisse.
545 4261 650 4343 Quod
675 4284 893 4350 quamquam
918 4267 1065 4347 excepto
1089 4259 1279 4346 Polycrate

186 4369 284 4435 omni
314 4366 568 4454 probabilitate
599 4388 714 4436 carcre
742 4374 866 4436 auctor
897 4367 967 4435 sibi
986 4369 1177 4458 persuasit,
1202 4363 1279 4432 fieri

184 4480 305 4541 tamen
317 4472 657 4558 potuisseeonoedit.
672 4472 891 4558 Magnopere
905 4479 1023 4538 autem
1038 4473 1279 4556 suspicionem

186 4579 261 4644 eius
293 4587 440 4645 movent
469 4576 646 4645 voeabula
678 4573 904 4662 ιπροτρέπεσθαί
939 4584 973 4643 et
1007 4572 1167 4661 ιπροοίγειν,
1198 4597 1279 4642 eum
