3246 5252
709 597 747 658 11

270 780 349 862 Qua
371 784 509 849 rationo
533 802 614 850 cum
639 781 684 848 ad
707 787 843 851 certum
873 779 982 850 finem
1004 784 1181 869 perveniri
1204 805 1278 851 non

182 908 291 974 posse
315 891 497 974 appareat,
511 884 674 954 Socrates
693 886 735 954 de
752 889 890 970 integro
908 885 1091 974 sophistas
1111 887 1277 974 praeibas

183 989 269 1071 adit,
299 1000 340 1059 ut
363 993 433 1060 sibi
466 999 501 1059 et
524 989 664 1058 Cliniae
697 992 874 1082 auxilium
899 990 1059 1060 adferant
1089 998 1123 1058 et
1145 997 1277 1058 rectam

184 1117 254 1182 qua
287 1095 331 1164 ad
365 1098 578 1181 sapientiam
602 1094 705 1164 illam
730 1094 1015 1180 cognoscendam
1037 1093 1279 1182 perducantur

182 1204 279 1269 viam
303 1199 502 1269 ostendant.

238 1295 239 1300 ’
270 1303 467 1391 Utriusque
503 1303 762 1392 disputationis
797 1313 970 1391 tanquam
1003 1303 1277 1373 fundamentum

175 1412 344 1496 'positum
368 1412 482 1477 estin
506 1409 674 1492 utilitate,
699 1407 795 1494 quod
815 1411 1032 1495 principium
1057 1410 1172 1478 omnis
1197 1407 1276 1476 ieli-

183 1516 300 1583 citatis
332 1520 487 1600 putatur.
543 1513 668 1599 Itaque
702 1512 791 1581 talia
824 1515 922 1582 bona
954 1513 1152 1600 expetenda
1183 1521 1277 1593 sunt,

184 1639 274 1705 quae
299 1616 456 1704 aliquem
479 1618 633 1686 fructum
650 1619 983 1704 nobispraebeant;
1007 1639 1080 1686 una
1104 1617 1146 1685 de
1170 1639 1278 1686 causa

184 1744 265 1790 cum
290 1725 337 1790 sit
360 1724 465 1791 nobis
488 1744 628 1790 summo
652 1722 850 1801 commodo,
875 1725 1024 1791 scientia
1046 1744 1111 1810 pro
1136 1745 1276 1790 summo
1302 1809 1304 1814 Ι

182 1830 279 1897 bono
304 1825 471 1923 habenda
494 1833 555 1894 est.
604 1825 716 1894 Cuius
741 1827 980 1911 cognoscendi
1005 1826 1165 1896 studium
1188 1826 1276 1894 refe-

144 1987 147 1992 .
184 1931 334 2001 rendum
358 1938 412 2000 cst
439 1930 483 1998 ad
507 1930 712 2010 utilitatem,
744 1952 835 2017 quae
864 1930 959 1999 nihil
982 1931 1082 2000 aliud
1107 1953 1183 1999 esse
1206 1933 1278 2000 nisi

183 2038 320 2107 bonum
344 2039 464 2122 ipsum
495 2034 761 2104 demonstratur
783 2058 816 2123 p.
840 2041 904 2104 292
927 2037 978 2103 A:
1014 2033 1161 2121 οὐδὲγὰρ
1185 2035 1277 2120 ἡμεῖς,

182 2137 207 2203 ὦ
228 2139 358 2225 Κρίτων·
381 2139 458 2204 ἀλλὰ
474 2137 594 2202 τοσόνδε
609 2164 643 2222 γε
659 2139 755 2214 οἶσθα,
780 2138 823 2203 ὅτι
846 2136 926 2223 εῖπεμ
948 2137 1022 2202 ἐστὶν
1039 2136 1113 2222 αὕτη
1136 2135 1171 2222 ἣν
1194 2138 1278 2223 ἡμεῖς

182 2251 332 2330 ζητοῦμεν,
364 2243 509 2330 ιῖκμέλιμον
543 2242 633 2328 αὐτὴν
662 2247 708 2306 δεῖ
739 2243 820 2308 εἶναι.
855 2281 896 2289 -
934 2243 1020 2309 πάνυ,
1043 2267 1084 2327 γε.
1108 2282 1150 2289 -
1173 2243 1277 2307 οὐκοῦν

182 2349 297 2434 ἀγαθόν
334 2348 368 2433 ·ε’γ
405 2374 431 2412 τι
465 2349 511 2411 δεῖ
543 2347 612 2432 ἡμῖν
646 2346 737 2430 αὐτὴν
778 2346 984 2434 adpetitionum
1024 2385 1066 2394 ——
1100 2347 1221 2432 ἀνάγκη,
1257 2344 1281 2411 ὦ

181 2454 341 2540 Σώκρατες.

268 2557 365 2627 Haec
389 2557 561 2626 utilitatis
598 2555 789 2644 disciplina
824 2555 918 2624 nihil
948 2557 1058 2627 habet
1089 2580 1278 2626 commune

184 2686 265 2733 cum
289 2659 420 2732 eximia
438 2662 502 2730 illa
522 2662 687 2731 Platonis
710 2661 957 2755 philosophia,
983 2683 1072 2748 quae
1095 2662 1208 2731 libera
1232 2665 1276 2732 ab

188 2769 355 2837 omnibus
379 2768 485 2836 rebus
503 2769 730 2836 terrestribus
755 2769 894 2835 animos
912 2769 1087 2835 convertit
1110 2766 1155 2834 ad
1178 2765 1277 2835 ideas

184 2881 218 2941 et
240 2875 456 2959 sapientiam
479 2870 617 2940 nullius
653 2874 703 2938 rci
739 2893 848 2939 causa
881 2874 953 2939 nisi
983 2874 1099 2958 ipsius
1131 2873 1274 2956 expetit.

185 2976 264 3058 Qua
296 2998 339 3044 ex
363 2975 524 3044 idearum
559 2974 862 3062 contemplatione
897 2979 1122 3062 assequimur
1155 2996 1277 3043 veram

181 3081 404 3150 felicitatem:
440 3078 581 3148 Theaet.
617 3085 740 3167 pttb
769 3081 812 3148 A.
841 3078 915 3145 'lili'
957 3076 1013 3143 οὔτ’
1047 3078 1212 3143 ἀπολέσθαι
1240 3079 1276 3142 τὰ

182 3185 274 3249 κακά·
291 3183 420 3260 δυνατόν,
450 3179 639 3269 ὧΘεόδωμε.
692 3181 858 3248 ὑπεναντίον
886 3183 942 3269 γάρ
975 3209 1002 3248 τι
1031 3189 1072 3269 τῷ
1096 3183 1202 3270 ἀγαθῷ
1229 3181 1277 3247 ἀεὶ

183 3290 257 3355 εἶναι
280 3289 411 3374 ἀνάγκη·
445 3284 501 3351 οὔτ’
529 3290 559 3351 ἐν
583 3289 657 3360 θεοῖς
681 3287 755 3353 αὐτοὶ
780 3289 923 3374 ἱδρῦσθαι,
946 3289 998 3371 τὴν
1021 3287 1053 3351 ὂὲ
1073 3288 1176 3372 θνητὴν
1193 3287 1277 3372 φύσιν

187 3393 235 3459 καὶ
258 3393 341 3458 τόνδε
370 3394 418 3457 τὸν
448 3392 535 3456 τόπον
563 3395 715 3477 περιπολεῖ
737 3395 765 3466 ἐξ
788 3393 925 3478 ἀνάγκης.
970 3393 1014 3456 διὸ
1043 3389 1092 3456 καί
1120 3394 1278 3477 πειρᾶσθαι

182 3499 241 3585 χρὴ
278 3497 390 3562 ἐνθένδε
427 3499 523 3561 ἐκεῖσε
553 3495 669 3582 φεύγειν
698 3493 742 3560 ‘o'rc
771 3496 904 3583 τάχιστα.
959 3497 1037 3583 φυγὴ
1071 3497 1105 3561 δὲ
1140 3494 1278 3581 ὁμοίωσις
1315 3511 1325 3524 ’

183 3606 241 3688 θεῷ
276 3603 351 3666 κατά
382 3601 414 3664 τὸ
446 3600 574 3665 δυνατόν.
634 3598 773 3685 ὁμοίωσις
803 3601 835 3665 δὲ
868 3601 979 3666 δίκαιον
1013 3597 1063 3665 καί
1096 3598 1175 3665 ὅσιον
1204 3600 1276 3685 μετὰ

182 3706 351 3793 φρονήσεως
378 3703 525 3790 γενέσθαι.
536 3707 558 3786 ¹)

270 3811 440 3893 Quaestio
465 3813 574 3894 igitur
597 3814 730 3891 existit,
755 3815 857 3880 cuius
878 3811 936 3880 vel
954 3834 1105 3899 quorum
1130 3813 1177 3879 sit
1188 3807 1276 3877 haec

183 3915 352 3986 doctrina.
383 3913 575 4002 Sophistas
593 3914 798 3984 felicitatem
815 3917 1003 3985 hominum
1022 3914 1067 3982 ad
1083 3914 1276 3982 utilitatem

182 4021 363 4088 rettulisse
387 4027 538 4099 constat,
569 4020 631 4088 sed
659 4025 750 4089 istos
773 4020 918 4089 Platoni
943 4029 1026 4089 ante
1050 4019 1173 4090 oculos
1197 4040 1276 4086 ver-

186 4131 283 4193 satos
309 4145 386 4192 esse
411 4147 516 4196 nemo
543 4127 614 4196 sibi
636 4124 876 4212 persuadebit,
901 4148 982 4194 cum
1005 4125 1076 4192 tale
1101 4123 1186 4210 quid
1209 4126 1278 4192 toti

185 4229 366 4297 scribendi
400 4233 531 4297 rationi
562 4233 638 4298 eius
673 4238 857 4316 repugnet,
908 4229 1069 4299 Dubium
1104 4249 1177 4296 non
1212 4234 1277 4306 cst,

185 4336 271 4419 quin
296 4331 338 4400 de
363 4333 567 4403 adversario
592 4333 734 4420 aequali
764 4334 995 4419 cogitandum
1027 4337 1091 4414 sit;
1126 4337 1275 4402 investi-

271 4557 293 4628 ¹i
313 4559 351 4617 cf.
371 4565 522 4629 praeterea
541 4559 670 4618 Phaedri
688 4578 715 4630 p.
736 4565 769 4618 68
788 4560 815 4617 b.
835 4577 899 4630 sqq.
936 4560 1019 4631 Reip.
1039 4579 1067 4630 p.
1087 4564 1138 4618 500
1156 4560 1182 4617 b.
