3246 5252
700 536 740 600 ’59

175 718 217 788 Si
248 723 357 804 igitur
390 717 582 806 pulchrum
617 717 798 806 quoddam
832 726 1004 805 tanquam
1036 717 1269 788 simulacrum

176 823 277 894 illius
294 826 369 892 reri
385 822 528 912 pulchri
545 831 704 901 cernunt,
729 823 932 894 vehementi
949 821 1143 912 cupiditate
1159 823 1268 892 huius

173 925 397 1014 adipiscendi
432 926 681 1004 incenduntur,
717 931 755 996 in
794 950 864 1014 qua
898 927 991 996 nihil
1022 934 1077 995 111
1105 925 1268 998 libidinis

175 1031 235 1100 vel
274 1030 518 1120 turpitudinis.
586 1033 644 1101 Ab
688 1034 754 1101 1111
779 1052 967 1118 ,corporea
999 1030 1268 1118 pulchritudine

174 1135 452 1222 progrediuntur
486 1135 531 1204 ad
565 1159 686 1206 veram
721 1140 832 1206 animi
854 1134 1160 1223 pulchritudinem
1192 1139 1213 1203 i.
1239 1159 1266 1204 e.

173 1242 379 1318 amicitiam,
427 1262 497 1327 qua
536 1249 715 1328 postremo
751 1241 797 1310 ad
831 1243 999 1310 notitiam
1027 1242 1116 1311 boni
1150 1243 1265 1328 ipsius

175 1347 398 1430 perueniunt.
411 1345 437 1428 ¹)

264 1447 303 1516 Si
336 1452 446 1534 igitur
478 1448 544 1517 illa
578 1447 739 1517 definitio
787 1449 882 1535 (Lys.
919 1472 951 1536 p.
988 1455 1049 1518 221
1086 1449 1134 1532 D)
1182 1449 1266 1519 Pla-

175 1555 295 1621 tonica
319 1561 423 1632 esset,
457 1553 489 1616 τὸ
521 1553 626 1616 οἰκεῖον
661 1553 756 1622 idem
780 1551 914 1622 valeret
950 1561 1056 1640 atque
1091 1553 1122 1617 τὸ
1147 1552 1269 1636 ἀγαθόν.

176 1654 249 1724 Sed
271 1665 412 1726 tanturn
436 1658 547 1736 abest
584 1666 623 1726 ut
650 1657 756 1727 Plato
791 1658 881 1726 haec
906 1655 1064 1728 docuerit
1095 1658 1153 1726 rel
1180 1679 1263 1745 pro-

176 1761 280 1842 barti,
313 1768 354 1829 ut
388 1761 487 1841 illos,
520 1765 581 1850 qui
614 1762 708 1830 hano
750 1765 964 1831 sententiam
998 1761 1270 1849 profitebantur,

177 1867 444 1951 impugnaverit
490 1873 523 1934 et
568 1865 613 1934 ad
649 1859 846 1938 absurdum
881 1866 1038 1936 duxerit:
1085 1889 1117 1934 v.
1155 1866 1265 1936 Gonu.

175 1991 210 2056 p.
235 1970 363 2038 20111.
410 1969 444 2034 od
478 1970 533 2056 γὰρ
567 1971 600 2034 τὸ
629 1973 737 2034 ἑαυτῶν
767 1969 850 2054 οἶμαι
877 1971 994 2035 ἕκαστοι
1017 1969 1205 2044 ἀσπάζονται,
1246 1971 1271 2034 εἰ
1304 2013 1306 2019 ·

176 2071 217 2157 μή
247 2098 287 2145 τις
320 2075 352 2137 τὸ
389 2073 440 2159 μὲν
474 2073 587 2158 ἀγαθὸν
618 2076 724 2138 οἰκεῖον
758 2077 850 2150 καλεῖ,
880 2075 912 2138 τὸ
936 2075 968 2141 δὲ
991 2076 1081 2139 κακὸν
1104 2073 1270 2161 ἀλλότριον·

171 2175 214 2248 ὡς
236 2174 319 2240 οὐδέν
353 2203 386 2262 γε
418 2175 490 2243 ἄλλο
526 2175 608 2256 ἐστίν,
644 2173 678 2242 οὗ
707 2182 806 2265 ἐρῶσιν
839 2174 994 2262 ἄνθρωποι,
1026 2175 1120 2263 ἢτοῦ
1144 2179 1270 2264 ἀγαθοῦ.

176 2281 322 2350 Certum
347 2291 400 2352 est
424 2284 520 2352 hunc
543 2283 663 2352 locum
687 2287 815 2352 iterum
838 2283 884 2352 ad
900 2284 1155 2354 Antisthenem
1179 2285 1233 2352 ref
1252 2323 1266 2332 ·

175 2385 325 2456 rendum
349 2409 437 2468 1111,
462 2410 567 2475 quem
594 2389 662 2458 hoc
684 2387 859 2476 placitum
889 2389 1054 2459 docuisse
1081 2392 1184 2457 testis
1213 2397 1268 2457 est

174 2489 279 2574 Diog.
294 2491 408 2560 Laert.
433 2491 485 2562 VI
510 2499 566 2561 12:
612 2492 648 2556 τὰ
672 2494 783 2578 πονηρὰ
807 2491 907 2577 νόμιζε
929 2492 1023 2557 πάντα
1047 2491 1183 2571 ξενικάς)

247 2597 249 2604 ’
264 2593 427 2664 Eandem
442 2599 648 2683 opinionem
660 2605 844 2684 praeterea
856 2601 1060 2668 invenimus
1074 2600 1112 2667 in
1126 2597 1267 2667 Charm.

175 2722 209 2786 p,
238 2705 298 2769 163
323 2701 361 2780 O,
386 2722 455 2787 quo
486 2700 565 2769 loco
590 2702 846 2771 Antisthenem
887 2725 907 2771 a
931 2703 1083 2772 Platone
1119 2702 1270 2772 derideri

174 2803 335 2873 Zellerus
359 2813 451 2873 reete
476 2809 644 2892 opinatus
669 2816 731 2874 111.
745 2808 767 2885 ²³)

263 2908 423 2998 Apparet
446 2911 565 2992 igitur,
589 2929 651 2978 cur
674 2915 711 2978 in
739 2910 875 2997 Lyside
910 2911 997 2980 haec
1030 2933 1170 2998 quoque
1202 2934 1268 2999 po-

175 3009 309 3081 strema
354 3012 515 3082 definitio
561 3035 582 3081 1
616 3015 770 3083 Platone
804 3018 948 3102 probari
992 3039 1066 3085 non
1100 3019 1264 3103 potuerit.

176 3115 340 3186 Socrates
376 3122 426 3186 sic
464 3119 534 3188 fere
576 3141 655 3188 eam
700 3123 808 3189 reicit.
876 3120 978 3188 Hane
1024 3119 1270 3190 definitionem

176 3228 309 3290 rectam
333 3245 406 3291 non
430 3245 515 3291 esse·
531 3228 602 3292 nisi
625 3228 810 3312 proprium
834 3224 1015 3293 diversum
1040 3227 1087 3292 sit
1111 3223 1269 3304 asimili‚

176 3346 260 3394 nam
284 3346 365 3395 oum
389 3326 482 3396 idem
497 3333 544 3398 sit
567 3351 607 3396 ac
623 3327 750 3407 simile,
775 3328 941 3397 inutilem
961 3349 1039 3396 esse
1063 3332 1269 3410 amicitiam,

176 3434 348 3515 quoniam
372 3431 585 3501 alteralteri
609 3455 716 3500 usum
741 3431 847 3500 affere
871 3454 944 3502 non
967 3435 1092 3519 possit.
1142 3431 1268 3516 Πότερον

173 3527 234 3611 οὖν,
257 3538 373 3622 pergit
397 3535 558 3606 Socrates
582 3560 615 3625 p,
631 3542 672 3605 22
686 3537 724 3617 C,
748 3535 798 3600 uni
821 3537 853 3600 τὸ
877 3535 991 3620 ἀγαθὸν
1015 3537 1120 3600 οἰκεῖον
1138 3535 1270 3620 φήσομεν

173 3638 267 3715 παντί,
301 3641 333 3704 τὸ
362 3638 395 3703 δὲ
418 3643 507 3705 κακὸν
530 3640 682 3727 ἀλλότριον
707 3642 795 3721 simu
849 3641 954 3722 Quod
977 3641 1160 3720 refutatur,
1185 3643 1269 3726 quia

174 3742 258 3812 inde
283 3749 521 3831 consequitur,
558 3755 597 3814 ut
627 3749 783 3814 iniustus
809 3749 955 3826 iniusto,
992 3746 1177 3832 improbus
1201 3748 1268 3812 im-

173 3850 288 3935 probo
323 3871 397 3918 non
431 3853 552 3932 minus
588 3854 723 3920 amicus
760 3854 824 3929 sit,
872 3871 979 3936 quarn
1014 3850 1132 3919 bonus
1165 3850 1270 3918 bono.

266 4057 284 4124 ¹)
304 4075 331 4114 v.
352 4057 444 4115 Conv.
463 4077 490 4127 p.
510 4063 559 4116 211
573 4057 605 4116 C,

263 4143 283 4211 ⁸)
303 4145 341 4202 cf.
361 4143 451 4202 etiam
469 4144 617 4214 Epiphan.
636 4150 751 4214 expect.
772 4145 820 4200 lid.
840 4163 868 4214 p.
889 4149 956 4202 1089
968 4144 999 4202 C.
1029 4141 1273 4218 1111111111γέ-

174 4229 236 4302 νης)
254 4229 284 4284 τὸ
304 4228 400 4304 ἀγαθὸν
421 4235 514 4286 οἰκεῖον
535 4231 603 4296 (cod
631 4230 728 4298 οἰστόν)
747 4235 823 4286 παντὶ
843 4237 916 4305 σοφῷ
934 4232 1005 4294 εἶναι,
1025 4230 1058 4284 τὰ
1077 4228 1095 4284 δ’
1110 4226 1176 4284 ἄλλα
1187 4229 1272 4285 πάντα

181 4314 255 4372 οὐδὲν
275 4315 292 4390 ἢ
312 4321 437 4392 φλυαρίας
457 4321 530 4373 εἶναι.

264 4405 503 4474 π11111111111111
522 4424 562 4462 or.
583 4427 611 4459 τ..
643 4404 737 4478 ἀρετῆς
755 4406 787 4462 in
806 4405 904 4463 liusei
923 4405 1017 4464 Rhen.
1047 4411 1127 4464 tomo
1149 4404 1272 4464 XXVII

175 4512 203 4564 p.
223 4497 281 4552 450.
