3246 5252
882 541 924 605 34

358 835 439 896 δοκε
414 859 451 904 ις
475 837 607 916 μλιταν

446 936 564 1006 Simili
587 940 725 1004 ratione
749 936 836 1004 haec
861 939 1023 1022 quaestio
1048 943 1222 1006 tractatur
1249 946 1284 1006 et
1314 937 1359 1006 ad
1383 939 1448 1007 ab·

300 1087 303 1100 ·
357 1042 506 1112 surdum
530 1042 670 1110 ducitur
693 1045 731 1109 in
755 1041 847 1110 Plat.
873 1041 1012 1110 Politic.
1042 1062 1075 1126 p.
1101 1044 1300 1120 aei—297,
1333 1063 1449 1128 neque

357 1146 508 1216 dubium
530 1146 682 1222 videtur,
708 1150 794 1232 quin
818 1145 922 1214 Plato
947 1153 981 1213 et
996 1145 1177 1233 Xenopho
1203 1153 1338 1216 certum
1362 1168 1451 1214 con--

356 1249 483 1319 silium·
502 1254 680 1337 persecuti
704 1252 785 1318 sint.
833 1247 938 1319 Plato
964 1260 1125 1318 accurate
1150 1250 1304 1328 disserit,
1328 1259 1447 1319 utrum

356 1355 583 1442 reipublicae,
608 1377 697 1442 quae
714 1358 866 1422 scienter
881 1354 1143 1441 prudenterque
1166 1363 1320 1440 regatur,
1349 1354 1449 1439 leges

356 1482 446 1547 opus
471 1463 544 1527 sint
567 1481 686 1527 necne.
733 1459 847 1542 Leges
871 1457 1013 1542 regulas
1045 1481 1133 1538 esse,
1164 1480 1254 1545 quae
1279 1460 1452 1528 omnibus

356 1567 495 1634 ciuibus
525 1563 619 1632 idern
654 1563 808 1630 valeant.
873 1561 978 1643 Quod
1014 1563 1157 1650 quidem
1189 1563 1330 1632 ,malum
1359 1585 1446 1644 esse,

358 1673 489 1756 quippe
523 1689 603 1736 curn
637 1669 813 1746 homines,
851 1665 939 1737 alter
978 1661 1090 1746 alteri,
1126 1665 1320 1736 dissimiles
1363 1671 1451 1747 sint.

355 1794 469 1859 neque
503 1771 579 1841 ulla
602 1775 802 1841 communis
836 1771 960 1856 regula
1002 1770 1156 1856 singulis
1192 1793 1303 1858 aequo
1338 1770 1447 1841 nrodo

357 1885 441 1965 apta
457 1899 535 1945 esse
550 1879 682 1963 possit3
708 1875 770 1943 sed
786 1876 883 1961 leges
901 1880 951 1944 ita
976 1899 1012 1944 se
1028 1877 1159 1945 habere
1177 1883 1216 1943 ut
1235 1873 1449 1961 ‘seniorali-pss

355 1984 415 2068 qui
444 1981 578 2049 multos
613 1978 809 2066 discipulos
844 1981 985 2050 habeat.
1039 1980 1164 2066 Neque
1208 1984 1302 2049 enim
1337 1978 1447 2048 talem-

353 2085 488 2154 efficere
511 2107 629 2172 posse,
654 2094 694 2152 ut
710 2095 1000 2172 unumquemque
1018 2085 1235 2172 discipulum
1254 2106 1343 2170 quae
1367 2105 1443 2151 cor-

352 2193 431 2276 pori
454 2193 530 2258 eius
556 2197 640 2275 apta
663 2192 738 2256 sint
762 2188 917 2268 edoceat,
949 2189 1011 2258 sed
1044 2212 1167 2259 omnes
1200 2211 1344 2258 necesse
1367 2210 1445 2256 esse

354 2293 497 2362 eosdem
533 2293 673 2362 labores
713 2296 750 2360 in
785 2293 957 2362 currendo
997 2301 1031 2362 et
1068 2293 1239 2362 luctando
1280 2295 1448 2372 subeant‚
1514 2312 1517 2316 ·

354 2419 469 2484 neque
492 2396 745 2482 legislatorem,
781 2405 822 2465 ut
845 2398 999 2482 singulis
1036 2399 1174 2468 civibus
1199 2399 1363 2483 singulas
1387 2419 1444 2464 res

332 2581 334 2585 .
352 2491 580 2588 praescribat
626 2502 741 2586 Leges
765 2505 876 2585 igitur
890 2523 954 2588 pro
979 2506 1178 2571 necessario
1196 2502 1291 2570 malo
1305 2503 1446 2570 haben-

342 2607 417 2673 'das
450 2628 537 2687 esse,
570 2606 665 2692 quod
695 2606 796 2676 nullo
829 2606 935 2676 modo
974 2610 1101 2675 evitari
1130 2601 1255 2694 possit.
1306 2608 1447 2675 Acriter

352 2719 471 2778 autern
495 2719 671 2796 repugnat
688 2715 1027 2790 sententiaeeorum,
1052 2715 1123 2798 qui,
1147 2714 1270 2797 siquis
1294 2709 1443 2779 meliora

354 2832 460 2901 quarn
496 2815 591 2899 leges
633 2801 743 2893 sciat
782 2816 869 2883 haec
907 2837 980 2882 non
1017 2819 1117 2901 prius
1157 2815 1273 2884 valere
1311 2814 1440 2893 dicant,

353 2941 459 3005 quam
497 2919 640 3003 legislat
606 2927 681 2988 ator
728 2922 867 2989 civibus
902 2923 1141 3007 persuaserit:
1199 2917 1274 3004 φασὶ
1304 2919 1359 3004 γὰρ
1404 2918 1439 2980 oe*

267 3018 271 3026 ’
349 3027 407 3086 δεῖν
453 3021 529 3086 ε1’.·
520 3050 555 3094 1ς
592 3023 741 3146 ηηνώσηει
784 3025 863 3108 παρὰ
905 3049 971 3096 τους
1009 3029 1062 3086 τῶν
1107 3023 1270 3108 ἔμπροσθεν
1312 3021 1444 3106 βελτίους

349 3127 461 3208 νόμους,
485 3132 629 3211 νομοβεῑν-
608 3132 648 3191 εῖν
682 3130 733 3211 τὴν
768 3131 837 3190 suo·
828 3154 872 3190 ου
908 3127 1035 3192 πόλινὲ
1020 3153 1107 3190 eade:
1109 3153 1140 3190 ον
1170 3151 1207 3189 πε
1209 3124 1318 3202 ἕσαντο,
1342 3121 1444 3196 αλλως

350 3229 382 3294 οὲ
415 3230 463 3316 μη.
493 3269 534 3278 -
564 3227 679 3307 τίοον,
710 3231 763 3296 οὐκ
790 3231 899 3357 ὀμβώς;
923 3263 960 3279 -»
988 3229 1066 3302 ὶεως.
1112 3255 1247 3294 ανοοον
1271 3255 1369 3314 11η
1337 3229 1440 3294 πείθων

348 3359 388 3405 τις
413 3333 586 3418 {trost-umq-
627 3337 747 3420 βέλτιον,
782 3335 988 3422 ἀπόκριναι,
975 3335 1000 3398 τί
1031 3361 1158 3420 τουνομα
1181 3361 1232 3502 τηος
1255 3333 1358 3419 βίας
1343 3357 1439 3412 ετοα1;

349 3463 428 3522 μη
424 3439 519 3503 μέντοι
554 3466 609 3515 nm
644 3464 709 3524 πο
744 3465 776 3502 ο
810 3451 863 3503 τῶν
899 3440 1062 3525 ἐμπεμοσθν
1104 3440 1208 3525 πρότεμ
1194 3441 1290 3524 )
1346 3439 1442 3507 Nam

349 3546 500 3611 scientes
533 3544 749 3630 reipublicae
776 3543 883 3612 utiles
910 3565 987 3612 esse
1015 3569 1087 3614 non
1115 3567 1220 3632 posse
1249 3545 1440 3611 arbitratur

351 3649 423 3713 nisi
447 3651 497 3714 eis
523 3670 661 3734 semper
685 3650 817 3734 ubique
842 3670 931 3734 quae
956 3637 1182 3718 incommoda
1205 3671 1282 3716 esse
1305 3668 1441 3731 cogno-

348 3754 462 3818 verint
495 3755 621 3819 reicere
660 3751 774 3830 liceat,
810 3757 980 3838 quoniam
1015 3753 1173 3822 medicus
1209 3775 1253 3821 ex
1285 3755 1439 3836 aegrotis

347 3877 419 3921 non
445 3865 598 3941 quaerat,
632 3878 718 3925 num
744 3879 796 3936 oa,
830 3879 919 3944 quae
944 3860 1081 3946 corpori
1105 3864 1190 3943 apta
1213 3879 1289 3925 esse
1321 3857 1441 3934 ducat

349 3965 388 4024 ut
411 3957 516 4026 iaciat
542 3961 612 4027 sibi
635 3965 852 4046 permittunt.
888 3962 1062 4042 Quamvis
1095 3969 1211 4028 autem
1237 3962 1330 4029 hanc
1355 3982 1434 4028 sen-

348 4065 496 4130 tentiam
520 4065 657 4149 probet,
691 4075 811 4132 tamen
841 4065 1028 4135 infirmita
976 4075 1049 4135 tate
1077 4055 1259 4134 humanae
1288 4073 1436 4133 naturae

348 4167 679 4236 conrmotustalern
703 4179 766 4255 pot
769 4177 914 4238 estatem
940 4174 1087 4258 imperat
1092 4173 1162 4237 oris
1187 4173 1330 4256 saepius
1354 4189 1433 4255 per-

346 4271 449 4336 niciei
474 4292 580 4356 quani
613 4273 798 4343 commodo
834 4276 973 4343 civibus
1002 4275 1157 4342 fututurum
1188 4297 1265 4342 esse
1296 4273 1442 4350 fatetur

346 4428 554 4437 -Μ

431 4495 453 4563 ¹)
474 4495 588 4552 Politic.
608 4515 635 4564 p.
655 4501 706 4554 290·
723 4498 756 4554 Α.
