<?xml version="1.0" encoding="UTF-8"?>
<!DOCTYPE html PUBLIC "-//W3C//DTD XHTML 1.0 Transitional//EN"
    "http://www.w3.org/TR/xhtml1/DTD/xhtml1-transitional.dtd">
<html xmlns="http://www.w3.org/1999/xhtml" xml:lang="en" lang="en">
 <head>
  <title>
</title>
<meta http-equiv="Content-Type" content="text/html;charset=utf-8" />
  <meta name='ocr-system' content='tesseract 3.04.00' />
  <meta name='ocr-capabilities' content='ocr_page ocr_carea ocr_par ocr_line ocrx_word'/>
</head>
<body>
  <div class='ocr_page' id='page_1' title='image "./quidxenophocomm00gerhgoog_0035.png"; bbox 0 0 3246 5252; ppageno 0'>
   <div class='ocr_carea' id='block_1_1' title="bbox 863 482 904 544">
    <p class='ocr_par' dir='ltr' id='par_1_1' title="bbox 863 482 904 544">
     <span class='ocr_line' id='line_1_1' title="bbox 863 482 904 544; baseline 0 0"><span class='ocrx_word' id='word_1_1' title='bbox 863 482 904 544; x_wconf 86' lang='grc'>32</span> 
     </span>
    </p>
   </div>
   <div class='ocr_carea' id='block_1_2' title="bbox 335 669 1432 756">
    <p class='ocr_par' dir='ltr' id='par_1_2' title="bbox 335 669 1432 756">
     <span class='ocr_line' id='line_1_2' title="bbox 335 669 1432 756; baseline 0.002 -23"><span class='ocrx_word' id='word_1_2' title='bbox 335 696 376 743; x_wconf 84' lang='grc' dir='ltr'>τις</span> <span class='ocrx_word' id='word_1_3' title='bbox 399 671 561 756; x_wconf 74' lang='grc' dir='ltr'><strong>προστάτης</strong></span> <span class='ocrx_word' id='word_1_4' title='bbox 589 671 743 756; x_wconf 71' lang='grc' dir='ltr'>γενόμενος</span> <span class='ocrx_word' id='word_1_5' title='bbox 772 671 887 744; x_wconf 82' lang='grc' dir='ltr'>πόλεως</span> <span class='ocrx_word' id='word_1_6' title='bbox 916 669 966 734; x_wconf 83' lang='grc' dir='ltr'>καὶ</span> <span class='ocrx_word' id='word_1_7' title='bbox 1000 678 1087 735; x_wconf 82' lang='grc' dir='ltr'>ποιῶν</span> <span class='ocrx_word' id='word_1_8' title='bbox 1114 672 1180 744; x_wconf 79' lang='grc' dir='ltr'>τούς</span> <span class='ocrx_word' id='word_1_9' title='bbox 1204 670 1324 743; x_wconf 78' lang='grc' dir='ltr'>πολίτας</span> <span class='ocrx_word' id='word_1_10' title='bbox 1348 671 1432 735; x_wconf 84' lang='grc' dir='ltr'>ἐλοὶτ-</span> 
     </span>
    </p>
   </div>
   <div class='ocr_carea' id='block_1_3' title="bbox 281 773 1454 3800">
    <p class='ocr_par' dir='ltr' id='par_1_3' title="bbox 334 773 1431 966">
     <span class='ocr_line' id='line_1_3' title="bbox 334 773 1431 862; baseline 0.002 -25"><span class='ocrx_word' id='word_1_11' title='bbox 334 800 400 847; x_wconf 83' lang='grc' dir='ltr'>τους</span> <span class='ocrx_word' id='word_1_12' title='bbox 434 800 465 838; x_wconf 84' lang='grc' dir='ltr'>τε</span> <span class='ocrx_word' id='word_1_13' title='bbox 499 773 549 838; x_wconf 81' lang='grc' dir='ltr'>καὶ</span> <span class='ocrx_word' id='word_1_14' title='bbox 582 774 700 862; x_wconf 80' lang='grc' dir='ltr'>χείρους</span> <span class='ocrx_word' id='word_1_15' title='bbox 735 776 775 859; x_wconf 79' lang='grc' dir='ltr'>μὴ</span> <span class='ocrx_word' id='word_1_16' title='bbox 812 775 981 862; x_wconf 76' lang='grc' dir='ltr'>αἰσχύνεται</span> <span class='ocrx_word' id='word_1_17' title='bbox 1015 773 1079 859; x_wconf 80' lang='grc' dir='ltr'>μηδ’</span> <span class='ocrx_word' id='word_1_18' title='bbox 1113 773 1206 840; x_wconf 80' lang='grc' dir='ltr'>οἴεται</span> <span class='ocrx_word' id='word_1_19' title='bbox 1236 776 1325 847; x_wconf 84' lang='grc' dir='ltr'>κακὸς</span> <span class='ocrx_word' id='word_1_20' title='bbox 1358 775 1431 839; x_wconf 79' lang='grc' dir='ltr'>εἶναι</span> 
     </span>
     <span class='ocr_line' id='line_1_4' title="bbox 335 879 745 966; baseline 0 -24"><span class='ocrx_word' id='word_1_21' title='bbox 335 879 499 966; x_wconf 73' lang='grc' dir='ltr'>προστάτης</span> <span class='ocrx_word' id='word_1_22' title='bbox 522 885 574 962; x_wconf 77' lang='grc' dir='ltr'>τῆς</span> <span class='ocrx_word' id='word_1_23' title='bbox 597 879 745 959; x_wconf 47' lang='grc' dir='ltr'>πόλεωςῆ)</span> 
     </span>
    </p>

    <p class='ocr_par' dir='ltr' id='par_1_4' title="bbox 281 1001 1454 3590">
     <span class='ocr_line' id='line_1_5' title="bbox 423 1001 1429 1088; baseline 0.001 -19"><span class='ocrx_word' id='word_1_24' title='bbox 423 1001 562 1069; x_wconf 81' lang='lat' dir='ltr'>Eadem</span> <span class='ocrx_word' id='word_1_25' title='bbox 593 1003 703 1070; x_wconf 90' lang='lat' dir='ltr'>boum</span> <span class='ocrx_word' id='word_1_26' title='bbox 737 1005 893 1088; x_wconf 87' lang='lat' dir='ltr'>pastoris</span> <span class='ocrx_word' id='word_1_27' title='bbox 929 1019 1011 1069; x_wconf 86' lang='lat' dir='ltr'>cum</span> <span class='ocrx_word' id='word_1_28' title='bbox 1041 1005 1252 1088; x_wconf 68' lang='lat' dir='ltr'>imperatore</span> <span class='ocrx_word' id='word_1_29' title='bbox 1285 1023 1429 1088; x_wconf 88' lang='lat' dir='ltr'>compa-</span> 
     </span>
     <span class='ocr_line' id='line_1_6' title="bbox 336 1105 1430 1192; baseline 0.002 -20"><span class='ocrx_word' id='word_1_30' title='bbox 336 1109 426 1175; x_wconf 89' lang='lat' dir='ltr'>ratio</span> <span class='ocrx_word' id='word_1_31' title='bbox 458 1109 639 1174; x_wconf 86' lang='lat' dir='ltr'>invenitur</span> <span class='ocrx_word' id='word_1_32' title='bbox 668 1110 705 1174; x_wconf 91' lang='lat' dir='ltr'>in</span> <span class='ocrx_word' id='word_1_33' title='bbox 736 1107 828 1174; x_wconf 85' lang='lat' dir='ltr'>Plat.</span> <span class='ocrx_word' id='word_1_34' title='bbox 858 1105 1013 1175; x_wconf 91' lang='lat' dir='ltr'>Politico</span> <span class='ocrx_word' id='word_1_35' title='bbox 1045 1109 1087 1192; x_wconf 90' lang='lat' dir='ltr'>(p.</span> <span class='ocrx_word' id='word_1_36' title='bbox 1114 1105 1218 1174; x_wconf 76' lang='grc'>2670</span> <span class='ocrx_word' id='word_1_37' title='bbox 1240 1143 1281 1152; x_wconf 91' lang='lat'>——</span> <span class='ocrx_word' id='word_1_38' title='bbox 1303 1105 1430 1185; x_wconf 70' lang='grc'>2750),</span> 
     </span>
     <span class='ocr_line' id='line_1_7' title="bbox 338 1207 1431 1296; baseline -0.001 -19"><span class='ocrx_word' id='word_1_39' title='bbox 338 1231 443 1296; x_wconf 87' lang='lat' dir='ltr'>quern</span> <span class='ocrx_word' id='word_1_40' title='bbox 465 1211 585 1280; x_wconf 90' lang='lat' dir='ltr'>locum</span> <span class='ocrx_word' id='word_1_41' title='bbox 602 1211 647 1278; x_wconf 88' lang='lat' dir='ltr'>ad</span> <span class='ocrx_word' id='word_1_42' title='bbox 663 1211 920 1279; x_wconf 86' lang='lat' dir='ltr'>Antisthenem</span> <span class='ocrx_word' id='word_1_43' title='bbox 936 1209 1158 1280; x_wconf 81' lang='lat' dir='ltr'>referendum</span> <span class='ocrx_word' id='word_1_44' title='bbox 1169 1231 1255 1278; x_wconf 88' lang='lat' dir='ltr'>esse</span> <span class='ocrx_word' id='word_1_45' title='bbox 1270 1207 1431 1278; x_wconf 87' lang='lat' dir='ltr'>Zellerus</span> 
     </span>
     <span class='ocr_line' id='line_1_8' title="bbox 281 1312 1430 1395; baseline -0.002 -13"><span class='ocrx_word' id='word_1_46' title='bbox 281 1348 283 1354; x_wconf 42' lang='lat'><strong>¹</strong></span> <span class='ocrx_word' id='word_1_47' title='bbox 338 1315 467 1382; x_wconf 90' lang='lat' dir='ltr'>docuit.</span> <span class='ocrx_word' id='word_1_48' title='bbox 516 1313 620 1395; x_wconf 79' lang='lat' dir='ltr'>Quod</span> <span class='ocrx_word' id='word_1_49' title='bbox 650 1337 774 1383; x_wconf 87' lang='lat' dir='ltr'>verum</span> <span class='ocrx_word' id='word_1_50' title='bbox 806 1337 883 1382; x_wconf 88' lang='lat' dir='ltr'>csse</span> <span class='ocrx_word' id='word_1_51' title='bbox 914 1320 1030 1381; x_wconf 89' lang='lat' dir='ltr'>certus</span> <span class='ocrx_word' id='word_1_52' title='bbox 1060 1321 1184 1382; x_wconf 78' lang='lat' dir='ltr'>auctor</span> <span class='ocrx_word' id='word_1_53' title='bbox 1214 1321 1270 1382; x_wconf 88' lang='lat' dir='ltr'>est</span> <span class='ocrx_word' id='word_1_54' title='bbox 1302 1312 1430 1382; x_wconf 88' lang='lat' dir='ltr'>Onesi-</span> 
     </span>
     <span class='ocr_line' id='line_1_9' title="bbox 337 1416 1444 1508; baseline -0.001 -22"><span class='ocrx_word' id='word_1_55' title='bbox 337 1423 444 1487; x_wconf 90' lang='lat' dir='ltr'>critos</span> <span class='ocrx_word' id='word_1_56' title='bbox 492 1416 660 1505; x_wconf 73' lang='lat' dir='ltr'>Cynicus</span> <span class='ocrx_word' id='word_1_57' title='bbox 705 1423 806 1487; x_wconf 91' lang='lat' dir='ltr'>cuius</span> <span class='ocrx_word' id='word_1_58' title='bbox 860 1439 985 1498; x_wconf 78' lang='lat' dir='ltr'>sermo,</span> <span class='ocrx_word' id='word_1_59' title='bbox 1033 1440 1138 1504; x_wconf 89' lang='lat' dir='ltr'>quern</span> <span class='ocrx_word' id='word_1_60' title='bbox 1184 1418 1314 1487; x_wconf 87' lang='lat' dir='ltr'>habuit</span> <span class='ocrx_word' id='word_1_61' title='bbox 1348 1441 1444 1508; x_wconf 85' lang='lat' dir='ltr'>cum¹</span> 
     </span>
     <span class='ocr_line' id='line_1_10' title="bbox 337 1521 1432 1610; baseline 0.001 -20"><span class='ocrx_word' id='word_1_62' title='bbox 337 1522 470 1602; x_wconf 79' lang='lat' dir='ltr'>indicis</span> <span class='ocrx_word' id='word_1_63' title='bbox 505 1524 819 1610; x_wconf 78' lang='lat' dir='ltr'>gymnosophistis</span> <span class='ocrx_word' id='word_1_64' title='bbox 864 1521 906 1588; x_wconf 91' lang='lat' dir='ltr'>de</span> <span class='ocrx_word' id='word_1_65' title='bbox 942 1525 1078 1608; x_wconf 89' lang='lat' dir='ltr'>optima</span> <span class='ocrx_word' id='word_1_66' title='bbox 1111 1522 1258 1591; x_wconf 88' lang='lat' dir='ltr'>vivendi</span> <span class='ocrx_word' id='word_1_67' title='bbox 1293 1526 1432 1592; x_wconf 88' lang='lat' dir='ltr'>ratione</span> 
     </span>
     <span class='ocr_line' id='line_1_11' title="bbox 338 1625 1432 1714; baseline -0.002 -18"><span class='ocrx_word' id='word_1_68' title='bbox 338 1628 442 1696; x_wconf 88' lang='lat' dir='ltr'>nobis</span> <span class='ocrx_word' id='word_1_69' title='bbox 457 1627 610 1695; x_wconf 87' lang='lat' dir='ltr'>traditus</span> <span class='ocrx_word' id='word_1_70' title='bbox 620 1635 672 1696; x_wconf 92' lang='lat' dir='ltr'>est</span> <span class='ocrx_word' id='word_1_71' title='bbox 683 1649 736 1714; x_wconf 94' lang='lat' dir='ltr'>ap.</span> <span class='ocrx_word' id='word_1_72' title='bbox 746 1628 862 1698; x_wconf 81' lang='lat' dir='ltr'>Strah.</span> <span class='ocrx_word' id='word_1_73' title='bbox 871 1625 942 1692; x_wconf 86' lang='lat' dir='ltr'>XV</span> <span class='ocrx_word' id='word_1_74' title='bbox 955 1649 987 1712; x_wconf 90' lang='lat' dir='ltr'>p.</span> <span class='ocrx_word' id='word_1_75' title='bbox 1000 1625 1098 1707; x_wconf 49' lang='grc'>7159)</span> <span class='ocrx_word' id='word_1_76' title='bbox 1122 1627 1348 1696; x_wconf 87' lang='lat' dir='ltr'>Verbotenus</span> <span class='ocrx_word' id='word_1_77' title='bbox 1361 1627 1432 1695; x_wconf 90' lang='lat' dir='ltr'>fere</span> 
     </span>
     <span class='ocr_line' id='line_1_12' title="bbox 338 1730 1432 1818; baseline -0.002 -18"><span class='ocrx_word' id='word_1_78' title='bbox 338 1733 425 1800; x_wconf 89' lang='lat' dir='ltr'>haec</span> <span class='ocrx_word' id='word_1_79' title='bbox 460 1736 616 1799; x_wconf 89' lang='lat' dir='ltr'>narratio</span> <span class='ocrx_word' id='word_1_80' title='bbox 652 1753 732 1799; x_wconf 91' lang='lat' dir='ltr'>cum</span> <span class='ocrx_word' id='word_1_81' title='bbox 767 1730 931 1800; x_wconf 76' lang='lat' dir='ltr'>Platonis</span> <span class='ocrx_word' id='word_1_82' title='bbox 967 1735 1154 1801; x_wconf 79' lang='lat' dir='ltr'>consentit.</span> <span class='ocrx_word' id='word_1_83' title='bbox 1207 1733 1250 1800; x_wconf 94' lang='lat' dir='ltr'>In</span> <span class='ocrx_word' id='word_1_84' title='bbox 1282 1739 1432 1818; x_wconf 86' lang='lat' dir='ltr'>utraque</span> 
     </span>
     <span class='ocr_line' id='line_1_13' title="bbox 339 1835 1432 1927; baseline -0.001 -23"><span class='ocrx_word' id='word_1_85' title='bbox 339 1839 466 1904; x_wconf 87' lang='lat' dir='ltr'>civitas</span> <span class='ocrx_word' id='word_1_86' title='bbox 507 1835 776 1927; x_wconf 72' lang='lat' dir='ltr'>perfectissima,</span> <span class='ocrx_word' id='word_1_87' title='bbox 818 1858 925 1922; x_wconf 88' lang='lat' dir='ltr'>quarn</span> <span class='ocrx_word' id='word_1_88' title='bbox 965 1837 1090 1922; x_wconf 84' lang='lat' dir='ltr'>Cynici</span> <span class='ocrx_word' id='word_1_89' title='bbox 1128 1839 1199 1906; x_wconf 89' lang='lat' dir='ltr'>sibi</span> <span class='ocrx_word' id='word_1_90' title='bbox 1237 1836 1432 1921; x_wconf 81' lang='lat' dir='ltr'>fingebant,</span> 
     </span>
     <span class='ocr_line' id='line_1_14' title="bbox 340 1941 1434 2027; baseline -0.001 -19"><span class='ocrx_word' id='word_1_91' title='bbox 340 1941 563 2014; x_wconf 77' lang='lat' dir='ltr'>describitur:</span> <span class='ocrx_word' id='word_1_92' title='bbox 600 1941 836 2010; x_wconf 84' lang='lat' dir='ltr'>Antisthenes</span> <span class='ocrx_word' id='word_1_93' title='bbox 872 1945 1020 2027; x_wconf 89' lang='lat' dir='ltr'>eiusque</span> <span class='ocrx_word' id='word_1_94' title='bbox 1055 1948 1246 2010; x_wconf 77' lang='lat' dir='ltr'>sectatores</span> <span class='ocrx_word' id='word_1_95' title='bbox 1282 1943 1434 2008; x_wconf 90' lang='lat' dir='ltr'>reiciunt</span> 
     </span>
     <span class='ocr_line' id='line_1_15' title="bbox 341 2043 1432 2129; baseline -0.004 -13"><span class='ocrx_word' id='word_1_96' title='bbox 341 2067 464 2116; x_wconf 89' lang='lat' dir='ltr'>omnes</span> <span class='ocrx_word' id='word_1_97' title='bbox 508 2043 606 2129; x_wconf 80' lang='lat' dir='ltr'>leges</span> <span class='ocrx_word' id='word_1_98' title='bbox 652 2054 687 2113; x_wconf 92' lang='lat' dir='ltr'>et</span> <span class='ocrx_word' id='word_1_99' title='bbox 731 2051 872 2114; x_wconf 87' lang='lat' dir='ltr'>tanturn</span> <span class='ocrx_word' id='word_1_100' title='bbox 917 2049 994 2114; x_wconf 87' lang='lat' dir='ltr'>vita</span> <span class='ocrx_word' id='word_1_101' title='bbox 1029 2043 1231 2114; x_wconf 84' lang='lat' dir='ltr'>secundum</span> <span class='ocrx_word' id='word_1_102' title='bbox 1266 2053 1432 2113; x_wconf 90' lang='lat' dir='ltr'>naturam</span> 
     </span>
     <span class='ocr_line' id='line_1_16' title="bbox 341 2148 1433 2236; baseline -0.001 -19"><span class='ocrx_word' id='word_1_103' title='bbox 341 2150 473 2218; x_wconf 90' lang='lat' dir='ltr'>directa</span> <span class='ocrx_word' id='word_1_104' title='bbox 510 2150 674 2218; x_wconf 88' lang='lat' dir='ltr'>homines</span> <span class='ocrx_word' id='word_1_105' title='bbox 714 2149 759 2217; x_wconf 90' lang='lat' dir='ltr'>ad</span> <span class='ocrx_word' id='word_1_106' title='bbox 804 2155 972 2220; x_wconf 81' lang='lat' dir='ltr'>virtutem</span> <span class='ocrx_word' id='word_1_107' title='bbox 1010 2148 1157 2236; x_wconf 89' lang='lat' dir='ltr'>perduci</span> <span class='ocrx_word' id='word_1_108' title='bbox 1197 2150 1433 2228; x_wconf 87' lang='lat' dir='ltr'>arbitrantur;</span> 
     </span>
     <span class='ocr_line' id='line_1_17' title="bbox 341 2253 1454 2342; baseline -0.002 -20"><span class='ocrx_word' id='word_1_109' title='bbox 341 2262 575 2324; x_wconf 89' lang='lat' dir='ltr'>contemnunt</span> <span class='ocrx_word' id='word_1_110' title='bbox 611 2276 733 2322; x_wconf 89' lang='lat' dir='ltr'>omnes</span> <span class='ocrx_word' id='word_1_111' title='bbox 762 2255 995 2342; x_wconf 75' lang='lat' dir='ltr'>respublicas,</span> <span class='ocrx_word' id='word_1_112' title='bbox 1027 2253 1156 2322; x_wconf 87' lang='lat' dir='ltr'>volunt</span> <span class='ocrx_word' id='word_1_113' title='bbox 1186 2256 1306 2320; x_wconf 91' lang='lat' dir='ltr'>omnia</span> <span class='ocrx_word' id='word_1_114' title='bbox 1335 2275 1454 2334; x_wconf 86' lang='lat' dir='ltr'>corn-¹</span> 
     </span>
     <span class='ocr_line' id='line_1_18' title="bbox 341 2356 1434 2443; baseline -0.003 -16"><span class='ocrx_word' id='word_1_115' title='bbox 341 2363 465 2427; x_wconf 90' lang='lat' dir='ltr'>munia</span> <span class='ocrx_word' id='word_1_116' title='bbox 494 2379 572 2426; x_wconf 87' lang='lat' dir='ltr'>esse</span> <span class='ocrx_word' id='word_1_117' title='bbox 601 2366 635 2425; x_wconf 94' lang='lat' dir='ltr'>et</span> <span class='ocrx_word' id='word_1_118' title='bbox 663 2358 826 2428; x_wconf 88' lang='lat' dir='ltr'>homines</span> <span class='ocrx_word' id='word_1_119' title='bbox 851 2362 947 2427; x_wconf 87' lang='lat' dir='ltr'>vesci</span> <span class='ocrx_word' id='word_1_120' title='bbox 971 2358 1144 2443; x_wconf 75' lang='lat' dir='ltr'>frugibus,</span> <span class='ocrx_word' id='word_1_121' title='bbox 1180 2377 1271 2442; x_wconf 90' lang='lat' dir='ltr'>quas</span> <span class='ocrx_word' id='word_1_122' title='bbox 1297 2356 1434 2425; x_wconf 91' lang='lat' dir='ltr'>inculta</span> 
     </span>
     <span class='ocr_line' id='line_1_19' title="bbox 341 2460 1432 2548; baseline -0.002 -17"><span class='ocrx_word' id='word_1_123' title='bbox 341 2472 433 2531; x_wconf 88' lang='lat' dir='ltr'>terra</span> <span class='ocrx_word' id='word_1_124' title='bbox 468 2483 534 2530; x_wconf 90' lang='lat' dir='ltr'>sua</span> <span class='ocrx_word' id='word_1_125' title='bbox 563 2468 691 2548; x_wconf 88' lang='lat' dir='ltr'>sponte</span> <span class='ocrx_word' id='word_1_126' title='bbox 724 2461 887 2530; x_wconf 82' lang='lat' dir='ltr'>effundat</span> <span class='ocrx_word' id='word_1_127' title='bbox 923 2463 970 2538; x_wconf 87' lang='lat' dir='ltr'>(v.</span> <span class='ocrx_word' id='word_1_128' title='bbox 995 2461 1134 2529; x_wconf 90' lang='lat' dir='ltr'>Politic.</span> <span class='ocrx_word' id='word_1_129' title='bbox 1160 2465 1224 2529; x_wconf 89' lang='grc'>272</span> <span class='ocrx_word' id='word_1_130' title='bbox 1251 2463 1304 2540; x_wconf 85' lang='lat' dir='ltr'>A).</span> <span class='ocrx_word' id='word_1_131' title='bbox 1348 2460 1432 2529; x_wconf 82' lang='lat' dir='ltr'>Ele-</span> 
     </span>
     <span class='ocr_line' id='line_1_20' title="bbox 340 2565 1434 2652; baseline -0.002 -18"><span class='ocrx_word' id='word_1_132' title='bbox 340 2575 465 2652; x_wconf 82' lang='lat' dir='ltr'>ganter</span> <span class='ocrx_word' id='word_1_133' title='bbox 489 2565 717 2635; x_wconf 89' lang='lat' dir='ltr'>dissimulato</span> <span class='ocrx_word' id='word_1_134' title='bbox 740 2567 897 2636; x_wconf 88' lang='lat' dir='ltr'>ludibrio</span> <span class='ocrx_word' id='word_1_135' title='bbox 923 2566 1059 2636; x_wconf 88' lang='lat' dir='ltr'>deridet</span> <span class='ocrx_word' id='word_1_136' title='bbox 1073 2566 1178 2634; x_wconf 89' lang='lat' dir='ltr'>Plato</span> <span class='ocrx_word' id='word_1_137' title='bbox 1203 2567 1297 2635; x_wconf 90' lang='lat' dir='ltr'>hanc</span> <span class='ocrx_word' id='word_1_138' title='bbox 1321 2569 1434 2634; x_wconf 84' lang='lat' dir='ltr'>vitam</span> 
     </span>
     <span class='ocr_line' id='line_1_21' title="bbox 342 2669 1433 2757; baseline -0.002 -19"><span class='ocrx_word' id='word_1_139' title='bbox 342 2674 439 2738; x_wconf 90' lang='lat' dir='ltr'>omni</span> <span class='ocrx_word' id='word_1_140' title='bbox 474 2669 672 2740; x_wconf 87' lang='lat' dir='ltr'>eruditione</span> <span class='ocrx_word' id='word_1_141' title='bbox 702 2691 864 2750; x_wconf 70' lang='lat' dir='ltr'>vacuam,</span> <span class='ocrx_word' id='word_1_142' title='bbox 889 2693 996 2757; x_wconf 87' lang='lat' dir='ltr'>quam</span> <span class='ocrx_word' id='word_1_143' title='bbox 1020 2674 1080 2738; x_wconf 87' lang='lat' dir='ltr'>isti</span> <span class='ocrx_word' id='word_1_144' title='bbox 1114 2671 1279 2740; x_wconf 88' lang='lat' dir='ltr'>homines</span> <span class='ocrx_word' id='word_1_145' title='bbox 1315 2692 1336 2737; x_wconf 91' lang='lat' dir='ltr'>a</span> <span class='ocrx_word' id='word_1_146' title='bbox 1365 2669 1433 2737; x_wconf 88' lang='lat' dir='ltr'>diis</span> 
     </span>
     <span class='ocr_line' id='line_1_22' title="bbox 342 2773 1433 2862; baseline -0.002 -20"><span class='ocrx_word' id='word_1_147' title='bbox 342 2778 437 2861; x_wconf 89' lang='lat' dir='ltr'>pasti</span> <span class='ocrx_word' id='word_1_148' title='bbox 478 2773 621 2858; x_wconf 76' lang='lat' dir='ltr'>degunt.</span> <span class='ocrx_word' id='word_1_149' title='bbox 682 2776 740 2843; x_wconf 85' lang='lat' dir='ltr'>Ab</span> <span class='ocrx_word' id='word_1_150' title='bbox 784 2779 861 2862; x_wconf 91' lang='lat' dir='ltr'>ipso</span> <span class='ocrx_word' id='word_1_151' title='bbox 898 2775 1052 2844; x_wconf 83' lang='lat' dir='ltr'>Saturno</span> <span class='ocrx_word' id='word_1_152' title='bbox 1088 2775 1176 2843; x_wconf 89' lang='lat' dir='ltr'>culti</span> <span class='ocrx_word' id='word_1_153' title='bbox 1210 2775 1326 2842; x_wconf 93' lang='lat' dir='ltr'>multo</span> <span class='ocrx_word' id='word_1_154' title='bbox 1361 2776 1433 2840; x_wconf 88' lang='lat' dir='ltr'>otio</span> 
     </span>
     <span class='ocr_line' id='line_1_23' title="bbox 342 2878 1433 2966; baseline -0.002 -20"><span class='ocrx_word' id='word_1_155' title='bbox 342 2879 508 2947; x_wconf 88' lang='lat' dir='ltr'>fruuntur</span> <span class='ocrx_word' id='word_1_156' title='bbox 541 2886 673 2948; x_wconf 89' lang='lat' dir='ltr'>ettam</span> <span class='ocrx_word' id='word_1_157' title='bbox 709 2900 789 2948; x_wconf 90' lang='lat' dir='ltr'>cum</span> <span class='ocrx_word' id='word_1_158' title='bbox 820 2880 1029 2949; x_wconf 86' lang='lat' dir='ltr'>hominibus</span> <span class='ocrx_word' id='word_1_159' title='bbox 1065 2901 1171 2966; x_wconf 91' lang='lat' dir='ltr'>quam</span> <span class='ocrx_word' id='word_1_160' title='bbox 1204 2901 1283 2947; x_wconf 89' lang='lat' dir='ltr'>curn</span> <span class='ocrx_word' id='word_1_161' title='bbox 1307 2878 1433 2946; x_wconf 88' lang='lat' dir='ltr'>bestiis</span> 
     </span>
     <span class='ocr_line' id='line_1_24' title="bbox 341 2980 1433 3070; baseline -0.002 -20"><span class='ocrx_word' id='word_1_162' title='bbox 341 2983 509 3050; x_wconf 85' lang='lat' dir='ltr'>familiari</span> <span class='ocrx_word' id='word_1_163' title='bbox 534 2983 793 3052; x_wconf 87' lang='lat' dir='ltr'>consuetudine</span> <span class='ocrx_word' id='word_1_164' title='bbox 810 2989 991 3053; x_wconf 90' lang='lat' dir='ltr'>coniuncti</span> <span class='ocrx_word' id='word_1_165' title='bbox 1008 2984 1050 3052; x_wconf 92' lang='lat' dir='ltr'>de</span> <span class='ocrx_word' id='word_1_166' title='bbox 1066 2982 1301 3070; x_wconf 88' lang='lat' dir='ltr'>philosophia</span> <span class='ocrx_word' id='word_1_167' title='bbox 1322 2980 1433 3050; x_wconf 91' lang='lat' dir='ltr'>collo-</span> 
     </span>
     <span class='ocr_line' id='line_1_25' title="bbox 342 3087 1435 3173; baseline -0.001 -19"><span class='ocrx_word' id='word_1_168' title='bbox 342 3097 471 3156; x_wconf 90' lang='lat' dir='ltr'>cuntur</span> <span class='ocrx_word' id='word_1_169' title='bbox 505 3093 541 3154; x_wconf 94' lang='lat' dir='ltr'>et</span> <span class='ocrx_word' id='word_1_170' title='bbox 576 3091 761 3156; x_wconf 83' lang='lat' dir='ltr'>scientiam</span> <span class='ocrx_word' id='word_1_171' title='bbox 797 3111 899 3158; x_wconf 87' lang='lat' dir='ltr'>suam</span> <span class='ocrx_word' id='word_1_172' title='bbox 934 3098 1074 3173; x_wconf 77' lang='lat' dir='ltr'>augent.</span> <span class='ocrx_word' id='word_1_173' title='bbox 1122 3087 1278 3155; x_wconf 80' lang='lat' dir='ltr'>Tantum</span> <span class='ocrx_word' id='word_1_174' title='bbox 1313 3088 1435 3154; x_wconf 85' lang='lat' dir='ltr'>aberat</span> 
     </span>
     <span class='ocr_line' id='line_1_26' title="bbox 345 3191 1435 3280; baseline -0.002 -21"><span class='ocrx_word' id='word_1_175' title='bbox 345 3200 386 3260; x_wconf 89' lang='lat' dir='ltr'>ut</span> <span class='ocrx_word' id='word_1_176' title='bbox 410 3191 514 3260; x_wconf 89' lang='lat' dir='ltr'>Plato</span> <span class='ocrx_word' id='word_1_177' title='bbox 549 3191 643 3259; x_wconf 89' lang='lat' dir='ltr'>hanc</span> <span class='ocrx_word' id='word_1_178' title='bbox 672 3195 855 3261; x_wconf 86' lang='lat' dir='ltr'>civitatem</span> <span class='ocrx_word' id='word_1_179' title='bbox 884 3194 1179 3280; x_wconf 90' lang='lat' dir='ltr'>perfectissimam</span> <span class='ocrx_word' id='word_1_180' title='bbox 1216 3192 1435 3278; x_wconf 84' lang='lat' dir='ltr'>Cynicorum</span> 
     </span>
     <span class='ocr_line' id='line_1_27' title="bbox 342 3291 1435 3384; baseline -0.008 -21"><span class='ocrx_word' id='word_1_181' title='bbox 342 3299 517 3383; x_wconf 75' lang='lat' dir='ltr'>probaret,</span> <span class='ocrx_word' id='word_1_182' title='bbox 541 3305 581 3364; x_wconf 94' lang='lat' dir='ltr'>ut</span> <span class='ocrx_word' id='word_1_183' title='bbox 612 3298 739 3365; x_wconf 87' lang='lat' dir='ltr'>suibus</span> <span class='ocrx_word' id='word_1_184' title='bbox 765 3307 884 3384; x_wconf 89' lang='lat' dir='ltr'>aptam</span> <span class='ocrx_word' id='word_1_185' title='bbox 909 3320 985 3366; x_wconf 89' lang='lat' dir='ltr'>earn</span> <span class='ocrx_word' id='word_1_186' title='bbox 1016 3296 1230 3384; x_wconf 85' lang='lat' dir='ltr'>appellaret:</span> <span class='ocrx_word' id='word_1_187' title='bbox 1265 3293 1314 3358; x_wconf 76' lang='grc' dir='ltr'>καὶ</span> <span class='ocrx_word' id='word_1_188' title='bbox 1345 3291 1385 3368; x_wconf 77' lang='grc' dir='ltr'>ὅς,</span> <span class='ocrx_word' id='word_1_189' title='bbox 1410 3295 1435 3356; x_wconf 81' lang='grc' dir='ltr'>εἰ</span> 
     </span>
     <span class='ocr_line' id='line_1_28' title="bbox 343 3395 1435 3486; baseline -0.001 -24"><span class='ocrx_word' id='word_1_190' title='bbox 343 3399 375 3462; x_wconf 76' lang='grc' dir='ltr'>δὲ</span> <span class='ocrx_word' id='word_1_191' title='bbox 400 3398 454 3463; x_wconf 80' lang='grc' dir='ltr'>ὑῶν</span> <span class='ocrx_word' id='word_1_192' title='bbox 477 3398 569 3476; x_wconf 75' lang='grc' dir='ltr'>πόλιν,</span> <span class='ocrx_word' id='word_1_193' title='bbox 602 3399 667 3486; x_wconf 76' lang='grc' dir='ltr'>ἔφη,</span> <span class='ocrx_word' id='word_1_194' title='bbox 702 3399 922 3477; x_wconf 73' lang='grc' dir='ltr'>κατεσκεύαζες,</span> <span class='ocrx_word' id='word_1_195' title='bbox 957 3400 982 3464; x_wconf 81' lang='grc' dir='ltr'>τί</span> <span class='ocrx_word' id='word_1_196' title='bbox 1014 3398 1048 3464; x_wconf 73' lang='grc' dir='ltr'>ἂν</span> <span class='ocrx_word' id='word_1_197' title='bbox 1079 3399 1168 3471; x_wconf 75' lang='grc' dir='ltr'>αὐτὰς</span> <span class='ocrx_word' id='word_1_198' title='bbox 1198 3395 1320 3484; x_wconf 73' lang='grc' dir='ltr'>ἄλλοῆ</span> <span class='ocrx_word' id='word_1_199' title='bbox 1351 3404 1435 3462; x_wconf 81' lang='grc' dir='ltr'>τοῦτο</span> 
     </span>
     <span class='ocr_line' id='line_1_29' title="bbox 344 3503 533 3590; baseline -0.011 -22"><span class='ocrx_word' id='word_1_200' title='bbox 344 3503 533 3590; x_wconf 68' lang='grc' dir='ltr'>ἐχόρταζες.3)</span> 
     </span>
    </p>

    <p class='ocr_par' dir='ltr' id='par_1_5' title="bbox 344 3607 1436 3800">
     <span class='ocr_line' id='line_1_30' title="bbox 432 3607 1436 3695; baseline -0.001 -20"><span class='ocrx_word' id='word_1_201' title='bbox 432 3607 503 3676; x_wconf 88' lang='lat' dir='ltr'>Cur</span> <span class='ocrx_word' id='word_1_202' title='bbox 528 3607 655 3694; x_wconf 83' lang='lat' dir='ltr'>Cynici</span> <span class='ocrx_word' id='word_1_203' title='bbox 684 3610 849 3678; x_wconf 89' lang='lat' dir='ltr'>homines</span> <span class='ocrx_word' id='word_1_204' title='bbox 879 3632 959 3677; x_wconf 86' lang='lat' dir='ltr'>curn</span> <span class='ocrx_word' id='word_1_205' title='bbox 975 3611 1116 3678; x_wconf 89' lang='lat' dir='ltr'>hestiis</span> <span class='ocrx_word' id='word_1_206' title='bbox 1141 3610 1436 3695; x_wconf 84' lang='lat' dir='ltr'>comparaverint,</span> 
     </span>
     <span class='ocr_line' id='line_1_31' title="bbox 344 3709 1435 3800; baseline -0.003 -17"><span class='ocrx_word' id='word_1_207' title='bbox 344 3715 447 3783; x_wconf 86' lang='lat' dir='ltr'>testis</span> <span class='ocrx_word' id='word_1_208' title='bbox 484 3719 538 3780; x_wconf 84' lang='lat' dir='ltr'>est</span> <span class='ocrx_word' id='word_1_209' title='bbox 571 3712 639 3780; x_wconf 92' lang='lat' dir='ltr'>Dio</span> <span class='ocrx_word' id='word_1_210' title='bbox 675 3712 859 3799; x_wconf 87' lang='lat' dir='ltr'>Chrysost.</span> <span class='ocrx_word' id='word_1_211' title='bbox 897 3737 943 3782; x_wconf 94' lang='lat' dir='ltr'>or.</span> <span class='ocrx_word' id='word_1_212' title='bbox 983 3713 1043 3781; x_wconf 88' lang='lat' dir='ltr'>Vl.</span> <span class='ocrx_word' id='word_1_213' title='bbox 1079 3735 1112 3800; x_wconf 91' lang='lat' dir='ltr'>p.</span> <span class='ocrx_word' id='word_1_214' title='bbox 1144 3718 1208 3781; x_wconf 87' lang='grc'>203</span> <span class='ocrx_word' id='word_1_215' title='bbox 1236 3712 1277 3780; x_wconf 85' lang='lat' dir='ltr'>R.</span> <span class='ocrx_word' id='word_1_216' title='bbox 1315 3733 1389 3798; x_wconf 88' lang='lat' dir='ltr'>sqq.</span> <span class='ocrx_word' id='word_1_217' title='bbox 1405 3709 1435 3792; x_wconf 76' lang='grc'>4)</span> 
     </span>
    </p>
   </div>
   <div class='ocr_carea' id='block_1_4' title="bbox 433 4021 1438 4400">
    <p class='ocr_par' dir='ltr' id='par_1_6' title="bbox 433 4021 1152 4102">
     <span class='ocr_line' id='line_1_32' title="bbox 433 4021 1152 4102; baseline 0.006 -23"><span class='ocrx_word' id='word_1_218' title='bbox 433 4025 498 4089; x_wconf 73' lang='lat' dir='ltr'>1li.</span> <span class='ocrx_word' id='word_1_219' title='bbox 519 4021 594 4080; x_wconf 87' lang='lat' dir='ltr'>Phil</span> <span class='ocrx_word' id='word_1_220' title='bbox 614 4023 641 4080; x_wconf 94' lang='lat' dir='ltr'>d</span> <span class='ocrx_word' id='word_1_221' title='bbox 661 4023 710 4081; x_wconf 79' lang='lat' dir='ltr'>Gr</span> <span class='ocrx_word' id='word_1_222' title='bbox 730 4023 842 4093; x_wconf 83' lang='lat' dir='ltr'>Hip</span> <span class='ocrx_word' id='word_1_223' title='bbox 862 4028 921 4092; x_wconf 86' lang='grc'>278,</span> <span class='ocrx_word' id='word_1_224' title='bbox 940 4024 1085 4084; x_wconf 36' lang='grc' dir='ltr'>οοηίοοΜ</span> <span class='ocrx_word' id='word_1_225' title='bbox 1150 4095 1152 4102; x_wconf 33' lang='grc' dir='ltr'>Ι</span> 
     </span>
    </p>

    <p class='ocr_par' dir='ltr' id='par_1_7' title="bbox 433 4127 1438 4304">
     <span class='ocr_line' id='line_1_33' title="bbox 433 4127 1438 4198; baseline -0.002 -11.998"><span class='ocrx_word' id='word_1_226' title='bbox 433 4128 487 4197; x_wconf 78' lang='lat' dir='ltr'>²)c·</span> <span class='ocrx_word' id='word_1_227' title='bbox 489 4127 570 4186; x_wconf 69' lang='lat' dir='ltr'>tuo</span> <span class='ocrx_word' id='word_1_228' title='bbox 579 4128 742 4198; x_wconf 85' lang='lat' dir='ltr'>Schwartz</span> <span class='ocrx_word' id='word_1_229' title='bbox 761 4129 857 4186; x_wconf 83' lang='lat' dir='ltr'>Hecat</span> <span class='ocrx_word' id='word_1_230' title='bbox 845 4135 929 4185; x_wconf 87' lang='lat' dir='ltr'>taeus</span> <span class='ocrx_word' id='word_1_231' title='bbox 950 4148 977 4186; x_wconf 71' lang='lat' dir='ltr'>i</span> <span class='ocrx_word' id='word_1_232' title='bbox 986 4129 1070 4196; x_wconf 83' lang='lat' dir='ltr'>Teos</span> <span class='ocrx_word' id='word_1_233' title='bbox 1080 4129 1438 4198; x_wconf 77' lang='lat' dir='ltr'>R11Mus.4opascsqq.</span> 
     </span>
     <span class='ocr_line' id='line_1_34' title="bbox 433 4233 815 4304; baseline 0 -14"><span class='ocrx_word' id='word_1_234' title='bbox 433 4236 501 4299; x_wconf 59' lang='grc' dir='ltr'>’,Π</span> <span class='ocrx_word' id='word_1_235' title='bbox 521 4233 605 4303; x_wconf 86' lang='lat' dir='ltr'>Reip.</span> <span class='ocrx_word' id='word_1_236' title='bbox 623 4233 701 4304; x_wconf 86' lang='lat' dir='ltr'>Hp.</span> <span class='ocrx_word' id='word_1_237' title='bbox 719 4233 815 4291; x_wconf 81' lang='grc'>3721).</span> 
     </span>
    </p>

    <p class='ocr_par' dir='ltr' id='par_1_8' title="bbox 443 4339 451 4400">
     <span class='ocr_line' id='line_1_35' title="bbox 443 4339 451 4400; baseline 0 0"><span class='ocrx_word' id='word_1_238' title='bbox 443 4339 451 4400; x_wconf 83' lang='lat' dir='ltr'>l</span> 
     </span>
    </p>
   </div>
   <div class='ocr_carea' id='block_1_5' title="bbox 345 4337 1438 4496">
    <p class='ocr_par' dir='ltr' id='par_1_9' title="bbox 391 4337 1438 4496">
     <span class='ocr_line' id='line_1_36' title="bbox 431 4337 1438 4408; baseline -0.001 -13"><span class='ocrx_word' id='word_1_239' title='bbox 431 4340 441 4370; x_wconf 81' lang='lat'><strong>⁴</strong></span> <span class='ocrx_word' id='word_1_240' title='bbox 471 4358 498 4394; x_wconf 71' lang='grc' dir='ltr'>τ.</span> <span class='ocrx_word' id='word_1_241' title='bbox 517 4339 550 4396; x_wconf 83' lang='grc' dir='ltr'><strong>Ε</strong></span> <span class='ocrx_word' id='word_1_242' title='bbox 570 4339 694 4397; x_wconf 89' lang='lat' dir='ltr'>Weber:</span> <span class='ocrx_word' id='word_1_243' title='bbox 720 4339 757 4396; x_wconf 90' lang='lat' dir='ltr'>de</span> <span class='ocrx_word' id='word_1_244' title='bbox 785 4337 880 4396; x_wconf 90' lang='lat' dir='ltr'>Dione</span> <span class='ocrx_word' id='word_1_245' title='bbox 909 4339 1054 4408; x_wconf 85' lang='lat' dir='ltr'>Chrysost</span> <span class='ocrx_word' id='word_1_246' title='bbox 1057 4357 1131 4408; x_wconf 81' lang='lat' dir='ltr'>orna,</span> <span class='ocrx_word' id='word_1_247' title='bbox 1164 4339 1348 4408; x_wconf 83' lang='lat' dir='ltr'>Cynicorum</span> <span class='ocrx_word' id='word_1_248' title='bbox 1376 4353 1438 4396; x_wconf 86' lang='lat' dir='ltr'>seo-</span> 
     </span>
     <span class='ocr_line' id='line_1_37' title="bbox 345 4425 925 4496; baseline -0.002 -11.913"><span class='ocrx_word' id='word_1_249' title='bbox 345 4431 448 4495; x_wconf 79' lang='lat' dir='ltr'>tat,ore</span> <span class='ocrx_word' id='word_1_250' title='bbox 468 4425 623 4496; x_wconf 89' lang='lat' dir='ltr'>Leipz.t</span> <span class='ocrx_word' id='word_1_251' title='bbox 589 4426 673 4485; x_wconf 48' lang='lat' dir='ltr'>suno</span> <span class='ocrx_word' id='word_1_252' title='bbox 694 4429 807 4495; x_wconf 83' lang='lat' dir='ltr'>1888p.</span> <span class='ocrx_word' id='word_1_253' title='bbox 827 4433 925 4495; x_wconf 83' lang='lat' dir='ltr'>6sqq</span> 
     </span>
    </p>
   </div>
   <div class='ocr_carea' id='block_1_6' title="bbox 0 0 1641 5252">
    <p class='ocr_par' dir='ltr' id='par_1_10' title="bbox 0 0 1641 5252">
     <span class='ocr_line' id='line_1_38' title="bbox 0 0 1641 5252; baseline 0 0"><span class='ocrx_word' id='word_1_254' title='bbox 0 0 1641 5252; x_wconf 95' lang='lat' dir='ltr'> </span> 
     </span>
    </p>
   </div>
  </div>
 </body>
</html>
