3246 5252
714 540 756 604 55

174 732 269 816 quia
303 749 384 796 cum
415 726 587 814 Lysidem
622 733 707 813 post
743 726 1017 818 commentarios
1041 727 1281 810 compositum
1376 749 1378 752 ·
1446 711 1449 716 ¹

182 855 263 903 esse
299 834 398 900 omni
430 829 690 918 'prohabilitate
725 835 819 897 caret
854 838 931 898 tum
964 831 1002 896 in
1036 828 1105 898 hoc
1136 827 1279 912 dialogo

181 936 330 1006 nullum
375 938 568 1020 vestigium
624 937 823 1012 invenitur,
879 956 922 1002 ex
974 954 1043 1019 quo
1089 931 1280 1000 Platonem

183 1044 386 1128 respexisse
405 1040 686 1126 Xenophontem
710 1047 892 1126 appareat:
917 1039 1026 1106 immo
1052 1058 1174 1105 omnes
1197 1037 1280 1123 loci,

177 1148 318 1232 quibus
346 1145 453 1215 Plato
490 1148 567 1231 ipse
602 1143 828 1214 adversarios
862 1165 947 1212 suos
981 1141 1158 1221 describit,
1193 1141 1279 1210 huic

179 1253 351 1336 opinioni
366 1257 576 1336 repugnant.
624 1247 749 1316 Unum
765 1251 874 1333 igitur
889 1253 1009 1325 restat,
1027 1246 1123 1332 quod
1139 1256 1278 1315 utrum-

180 1376 263 1440 que·
279 1355 385 1423 nobis
409 1353 592 1438 fingamus
623 1357 672 1420 'ex
695 1353 766 1420 alio
796 1360 937 1420 auctore
960 1351 1137 1427 hausisse,
1173 1354 1280 1420 etita

178 1456 343 1544 quidem,
380 1465 421 1526 ut
454 1458 545 1527 alter
566 1458 700 1546 placita
735 1460 811 1525 eius
846 1461 922 1526 sine
954 1455 1032 1524 ulla
1055 1455 1279 1525 dubitatione

181 1565 364 1648 receperit,
391 1561 480 1630 alter
503 1565 541 1631 in
563 1560 761 1631 ludibrium
784 1564 938 1639 verterit,

270 1664 387 1746 Quam
412 1670 651 1735 coniecturam
676 1666 833 1736 multum
855 1664 1124 1752 probabilitatis
1149 1665 1279 1734 habere

182 1768 290 1838 Plato
326 1773 404 1856 ipse
440 1769 637 1839 confirmat.
689 1769 810 1839 Primo
847 1770 976 1839 obtutu
1009 1768 1070 1836 ille
1104 1769 1205 1840 locus
1241 1773 1278 1837 in

186 1873 310 1943 oculos
346 1873 451 1953 cadit,
486 1896 556 1961 quo
591 1874 836 1962 philosophus
865 1873 1026 1960 disputat
1061 1873 1103 1942 de
1135 1877 1277 1960 sapien-

181 1980 332 2046 tissimis
367 1979 595 2059 hominibuS,
631 1983 692 2066 qui
726 1978 820 2047 idern
855 1997 895 2045 ac
928 1985 1072 2065 poetae,
1118 1977 1277 2046 similem

185 2087 340 2152 amicum
365 2104 442 2152 esse
472 2083 594 2162 simili,
629 2074 821 2152 senserint:
856 2105 890 2168 p.
920 2086 983 2150 214
1007 2081 1047 2148 B.
1094 2081 1197 2146 οὐκοῦν
1229 2080 1278 2146 καὶ

177 2190 240 2258 τοῖς
274 2193 328 2249 τᾶν
363 2187 542 2274 σοφωτάτων
582 2186 800 2273 συγγράμμασιν
835 2185 1029 2272 ἐντετύχηκας
1057 2191 1149 2251 τοῦτο
1184 2185 1276 2251 ταύτά

181 2290 323 2374 λέγουσιν,
354 2287 452 2355 ὅτιτὸ
477 2290 576 2376 ὁμοῖον
604 2299 645 2378 τῷ
665 2291 758 2377 ὁμοίῳ
792 2290 905 2375 ἀνάγκη
933 2288 1018 2376 φίλον
1048 2290 1129 2353 εἶναι.
1180 2289 1276 2372 Quin

180 2394 287 2465 Plato
323 2395 379 2462 his
414 2398 533 2465 verbis
577 2397 819 2465 adversarium
855 2395 1033 2482 quendam
1072 2399 1276 2482 respexerit,

181 2502 318 2566 nemini
342 2498 493 2570 dubium
517 2523 594 2569 esse
618 2511 744 2589 potest.
793 2501 862 2570 Sed
880 2504 960 2587 quis
986 2509 1040 2568 est
1062 2499 1124 2568 ille
1148 2499 1274 2568 adrer-

177 2606 322 2670 sarius?
367 2603 622 2690 Empedoclem
656 2605 817 2691 intellegi
851 2627 924 2673 non
955 2626 1073 2692 posse,
1108 2603 1145 2672 id
1180 2603 1276 2691 quod

181 2706 414 2776 Heindorfius
450 2711 675 2795 opinabatur,
711 2710 975 2780 Stallbaumius
1011 2717 1102 2792 recte
1126 2708 1274 2777 demon-

177 2815 318 2892 stravit,
341 2815 419 2899 ipse
443 2822 562 2882 autem
586 2817 720 2899 cogitat
736 2814 780 2882 de
796 2815 1022 2898 Anaxagora.
1068 2813 1275 2883 Boeckhius

179 2916 367 3004 sophistas
392 2917 653 3004 intellegendos
678 2911 769 2986 esse
787 2919 989 2997 arbitratur,
1023 2922 1081 2986 cui
1104 2941 1275 2986 assensus

180 3019 220 3088 O.
246 3021 301 3089 Fr.
328 3020 556 3090 Hermannus
568 3025 593 3106 ¹)
627 3025 725 3092 hunc
764 3024 965 3110 sophistam
996 3023 1168 3109 Hippiam
1198 3044 1275 3090 esse

183 3133 312 3194 censet.
361 3125 432 3195 Sed
456 3149 579 3195 omnes
598 3131 785 3214 opiniones
808 3135 900 3196 certo
918 3133 1128 3211 argumento
1146 3135 1273 3194 carent.

181 3229 274 3297 Nam
312 3234 373 3317 qui
397 3228 561 3298 Platonis
592 3235 767 3301 rationem
798 3231 978 3300 scribendi
1010 3238 1171 3299 accurate
1193 3253 1273 3317 per-

177 3337 348 3420 spexerit,
373 3356 454 3404 eum
477 3336 598 3421 fugere
622 3358 695 3405 non
710 3342 839 3423 potest,
863 3335 919 3404 illi
935 3336 1094 3404 hocloco
1112 3335 1272 3421 aequalis

181 3436 379 3506 adversarii
413 3441 546 3527 placita
577 3448 658 3508 ante
695 3439 817 3510 oculos
851 3448 992 3509 versata
1027 3460 1113 3509 esse.
1161 3439 1274 3507 Ouius

180 3544 232 3610 rei
255 3547 322 3612 nisi
348 3546 533 3612 immemor
557 3548 618 3626 sis,
643 3566 716 3614 non
740 3549 812 3614 iam
836 3544 980 3613 difficile
1005 3553 1058 3613 est
1081 3547 1274 3630 exquirere,

180 3648 273 3714 inter
286 3669 409 3716 omnes
427 3650 593 3737 aequales
611 3672 725 3718 unum
737 3649 993 3717 Antisthenem
1009 3648 1274 3735 respiciendum

180 3749 301 3819 fuisse.
352 3751 503 3823 Constat
526 3758 632 3830 enim,
657 3754 811 3840 Cynicos
836 3752 1011 3833 docuisse,
1036 3753 1169 3821 similia
1193 3776 1273 3822 cum

177 3854 363 3925 similibus
389 3861 566 3927 amicitiae
589 3859 735 3927 vinculo
760 3861 949 3926 contineri:
975 3882 1007 3926 v.
1032 3858 1135 3941 Diog.
1157 3858 1271 3939 Laert,

179 3955 233 4027 Vl
257 3966 328 4028 105.
364 3959 532 4047 ἀξιέραστόν
559 3987 591 4025 τε
612 3962 661 4025 τὸν
685 3963 774 4048 σοφὸν
797 3960 846 4025 καὶ
871 3961 1073 4046 ἀναμάρτητον
1108 3958 1157 4025 καὶ
1191 3961 1274 4047 φίλον

176 4067 222 4146 τῷ
241 4061 343 4149 ὁμοίῳ,
372 4070 431 4129 κτλ.
478 4065 582 4147 Quod
607 4066 783 4135 decretum
810 4065 920 4134 Stoici
945 4088 1096 4153 quoque,
1122 4089 1271 4154 quorum

180 4165 377 4238 doctrinam
402 4174 559 4239 maxima
582 4179 682 4259 parte
711 4194 729 4239 e
753 4171 970 4257 Cynicorum
994 4170 1144 4238 fluxisse
1168 4192 1272 4239 nemo

198 4479 241 4538 dn
260 4394 291 4538 ἐν
310 4393 490 4454 (leschichte
514 4396 578 4454 und
596 4395 717 4468 system
736 4397 764 4454 d.
783 4396 898 4455 Platon.
918 4397 1110 4468 Philosophia
1129 4397 1145 4454 I
1164 4416 1192 4466 1)-
1212 4402 1272 4468 569,

174 4498 197 4538 a.
242 4497 259 4538 o
275 4527 281 4538 .
300 4487 341 4539 78.
