3246 5252
684 553 724 616 37

248 735 365 818 Quam
395 741 609 807 sententiam
639 740 683 806 ab
716 739 933 807 Antisthene
969 746 1141 808 statutam
1176 761 1254 807 esse

160 847 280 908 certus
312 845 414 910 testis
444 849 497 910 est
528 843 644 924 Plato,
678 847 738 931 qui
768 843 931 912 divinum
964 847 1040 913 eius
1065 845 1254 930 imperium

161 947 284 1014 acerbe
315 945 522 1014 cavillatur:
551 971 584 1016 ν.
618 946 757 1016 Politic.
790 970 823 1035 p.
854 947 969 1018 2750,
1013 947 1094 1031 οἶμαι
1118 947 1151 1010 δέ
1173 945 1208 1032 γ’,
1232 941 1257 1012 ὦ

159 1049 320 1135 Σώκρατες,
343 1055 426 1114 τοῦτο
451 1049 502 1135 μὲν
526 1051 568 1116 ἔτι
591 1055 687 1137 μεῖξον
710 1049 729 1136 ἢ
753 1054 828 1116 κατὰ
852 1053 975 1138 βασιλέα
1000 1051 1126 1115 εἶναιτὸ
1151 1057 1253 1137 σχῆμα

159 1154 191 1217 τὸ
221 1159 272 1218 τοῦ
303 1153 381 1218 θείου
409 1152 529 1240 νομέώς,
559 1157 625 1229 τοὺς
657 1155 680 1220 δ’
707 1157 810 1221 ἐνθάδε
833 1163 881 1220 νῦν
904 1152 987 1228 ὄντας
1010 1156 1173 1227 πολιτικοὺς
1195 1157 1253 1227 τοῖς

159 1257 332 1345 ἀρχομένοις
356 1257 472 1344 ὁμοίους
496 1285 528 1324 τε
557 1260 630 1325 εἶναι
661 1266 771 1346 μᾶλλον
792 1263 867 1325 πολὺ
890 1262 941 1333 ταὶς
965 1260 1066 1346 φιίσεις
1088 1258 1137 1322 καί
1160 1283 1254 1344 παρα-

159 1361 363 1449 πλησιαίτερον
386 1363 519 1438 παιδείας
543 1366 749 1451 μετειληφέναι
773 1364 821 1430 καί
844 1368 997 1452 τροφῆς.])
1043 1362 1164 1431 Etiam
1188 1362 1252 1432 illo

159 1465 252 1546 loco,
277 1489 347 1554 quo
373 1467 415 1538 de
437 1469 579 1555 legibus
605 1470 820 1558 disputatur,
845 1470 1011 1538 distincte
1027 1468 1253 1538 Antistheni-

159 1593 238 1638 cam
263 1571 491 1660 disciplinam
514 1575 652 1662 irrideri
686 1577 847 1644 arbitror.
894 1573 998 1642 Plato
1032 1577 1127 1641 enim
1150 1579 1251 1659 post-

160 1697 268 1762 quam
303 1676 509 1746 infirmitate
543 1686 693 1747 naturae
727 1681 908 1750 humanae
943 1678 1120 1746 adductus
1154 1677 1252 1760 leges

159 1785 378 1850 necessarias
403 1803 479 1851 esse
496 1783 680 1853 confessus
705 1793 769 1864 est,
792 1781 841 1846 καὶ
865 1784 912 1846 τὸν
935 1783 1100 1867 νομοθέτην,
1124 1784 1252 1867 inquit,

159 1884 253 1949 τοίνυν
275 1885 426 1970 ἡγοίμεθα,
461 1887 509 1950 τὸν
539 1890 630 1950 ταῖσιν
654 1887 774 1972 ἀγέλαις
802 1888 1032 1971 ἐπιστατήσαντα
1063 1893 1114 1950 τοῦ
1137 1883 1251 1950 δικαίου

159 1990 226 2075 πέρι
264 1989 312 2054 καί
350 1995 404 2054 τῶν
441 1991 511 2076 πρὸς
550 1991 695 2076 ἀλλήλους
734 1989 930 2078 ξυμβολαίων,
975 1992 1015 2076 μή
1053 1990 1114 2055 ποθ’
1156 1991 1254 2054 ἱκανὸν

160 2091 336 2178 γενήσεσθαι
359 2102 445 2159 πᾶσιν
476 2094 591 2181 ἀθρόοις
622 2097 833 2182 προστάττοντα
857 2097 981 2182 ἀκριβῶς
1013 2093 1052 2159 ἑνί
1076 2095 1191 2180 ἑκάστῳ
1220 2095 1254 2158 τὸ

160 2205 305 2283 προσῆκον
328 2198 546 2283 ἀποδιδόναιρ)
593 2201 662 2269 Pro
694 2208 787 2270 cerlo
820 2208 939 2270 aulem
966 2200 1141 2269 affirmare
1163 2201 1254 2268 mihi

160 2303 302 2372 videtur
325 2299 539 2373 sententiam
553 2325 679 2385 meam,
704 2305 800 2395 quod
813 2307 1029 2391 comparatio
1054 2304 1118 2372 illa
1131 2307 1254 2390 apium

161 2411 302 2491 reginae
336 2417 416 2477 cum
451 2413 663 2496 imperatore
698 2410 888 2497 aCynicis
921 2417 1095 2497 usurpata
1123 2408 1252 2476 aPla-

161 2519 245 2581 tone
269 2534 409 2600 quoque
435 2513 638 2584 adhibetur:
668 2537 700 2601 p.
728 2521 788 2583 301
811 2515 851 2582 E.
899 2520 947 2596 νῦν
971 2515 1004 2576 δέ
1033 2538 1066 2597 γε
1089 2511 1177 2575 ὁπότε
1200 2509 1254 2574 οὐκ

161 2614 221 2680 ἔστι
250 2616 422 2700 γιγνόμενος,
453 2617 491 2690 ὡς
520 2619 555 2702 δὴ
585 2619 689 2704 φαμέν,
713 2621 743 2682 ἐν
772 2621 833 2690 ταῖς
856 2617 959 2682 πόλεσι
982 2617 1117 2703 βασιλεὺς
1141 2615 1200 2688 οἷος
1223 2617 1254 2678 ἐν

161 2719 297 2804 σμήνεσιν
313 2723 464 2808 ἐμφύεται,
487 2723 519 2786 τό
535 2749 567 2786 τε
583 2730 666 2808 σῶμα
683 2723 767 2796 εὐθὺς
782 2721 832 2787 καί
847 2723 899 2806 ’τήν
922 2723 1019 2809 ψυχὴν
1036 2721 1183 2808 διαφέρων
1204 2719 1253 2796 εἷς,
1288 2739 1291 2745 ·

161 2829 208 2889 δεῖ
229 2827 264 2909 δὴ
289 2827 476 2913 συνελθόντας
500 2828 708 2914 ξυγγράμματα
731 2827 862 2915 γράφειν,
887 2827 925 2900 ὡς
952 2827 1038 2903 ἔοικε,
1062 2825 1254 2911 μεταθέοντας

162 2927 198 2992 τὰ
222 2935 272 3014 τῆς
297 2929 495 3016 σ’ληθεστάτης
519 2931 665 3005 πολιτείας
688 2930 764 3019 ἴχνη.
806 2941 809 2948 ’
1099 2999 1100 3002 ,

249 3034 302 3102 De
334 3037 402 3106 hoc
437 3041 611 3126 sapientis
646 3035 794 3125 imperio
830 3035 1008 3122 quomodo
1043 3034 1255 3103 iudicaverit

162 3141 398 3209 Antisthenes
433 3142 584 3212 fortasse
619 3145 819 3210 accuratius
860 3143 1027 3224 cognosci
1054 3147 1174 3227 potest
1209 3160 1253 3206 ex

160 3241 255 3311 libro
280 3243 343 3312 illo
371 3244 442 3331 (περὶ
476 3253 527 3309 τοῦ
561 3245 655 3309 πάντα
691 3249 844 3309 σκουόαῖον
880 3245 953 3308 εἶναι
987 3241 1156 3329 ἐλεύθερον,
1192 3244 1255 3329 qul

161 3350 255 3415 inter
267 3347 433 3418 Philonis
452 3371 557 3437 opera
572 3351 689 3420 fertur.
729 3351 834 3419 Hunc
851 3358 968 3419 autem
986 3371 1060 3417 uon
1078 3369 1098 3414 a
1113 3345 1253 3414 Judaeo

163 3451 228 3520 illo
247 3457 428 3540 seriptum„
453 3453 514 3522 sed
533 3456 796 3542 acompilatore
810 3454 975 3542 quodem,
999 3457 1060 3540 qui
1076 3453 1253 3538 imprimis

162 3555 292 3626 Stoicis
310 3561 516 3628 auctoribus
530 3581 618 3626 usus
643 3569 707 3638 est,
731 3562 970 3647 compositum
987 3579 1064 3626 esse
1077 3554 1252 3624 Ricardus

162 3662 353 3747 Ausfeldil
389 3666 585 3732 rectissime
612 3662 878 3732 demonstravit.
926 3661 1109 3731 Permulta
1143 3663 1181 3728 in
1212 3681 1251 3727 eo

163 3769 407 3848 inveniuntur,
432 3788 523 3853 quae
538 3771 699 3854 proxime
724 3769 856 3836 absunt
880 3770 923 3837 ab
948 3771 1004 3846 iis,
1030 3787 1120 3852 quae
1144 3784 1253 3850 supra

165 3873 317 3956 exposui
352 3871 394 3940 de
417 3872 647 3940 Antisthenis
679 3871 848 3940 doctrina.
902 3869 1082 3940 Persimili
1105 3872 1253 3945 ratione,

164 3996 234 4060 qua
258 3975 354 4062 apud
367 3976 568 4055 Platonem,
592 3976 866 4055 demonstratur,
889 3978 1027 4046 bonum
1042 3977 1160 4043 virum
1183 3975 1204 4040 i.
1224 3994 1251 4039 e.

252 4250 273 4318 1λ
293 4251 330 4309 cf.
349 4251 404 4309 Ed.
425 4251 588 4322 Schwartz,
607 4253 775 4310 Hecataeus
793 4270 821 4308 v.
841 4251 924 4310 Teos.
951 4319 954 4326 Ι

249 4337 270 4407 ²)
289 4337 405 4396 Politia.
424 4357 452 4408 p.
473 4339 566 4396 294Ε.

225 4457 227 4462 ·
248 4425 269 4494 ³)
288 4424 332 4484 De
340 4425 416 4484 libro
435 4430 555 4500 περὶτοῦ
575 4425 658 4480 πάντα
669 4428 805 4480 στονθοιῐον
826 4427 889 4480 εἶναι
908 4427 1050 4500 ἐλεύθερον.
1075 4423 1253 4492 Goeltlngae

161 4515 237 4569 1887.
