3246 5252
783 558 928 633 Ι52

359 743 639 832 precibus-adit,
663 751 704 812 ut
726 765 764 812 se
788 743 943 820 edoceat,
969 741 1148 828 quomodo
1175 745 1306 828 optime
1322 742 1465 811 facilli—1

360 871 487 936 meque
520 852 652 917 amieos
683 847 753 916 sibl
783 855 901 934 paret:
942 852 1033 926 §29.
1067 845 1127 930 ὁρῶ
1147 845 1179 910 δὲ
1202 845 1251 909 καὶ
1276 845 1321 910 σοὶ
1343 846 1457 912 τούτων

359 959 472 1036 δεῆσον,
496 950 564 1016 ὅταν
588 952 767 1036 ἐπιθῡμήσῃς
791 950 889 1036 φιλίαν
912 951 982 1036 πρός
1005 976 1083 1022 τινας
1106 953 1261 1014 ποιεῖσθαι.
1301 951 1372 1020 Sed
1393 956 1459 1021 via

319 1091 322 1098 ¹
360 1037 524 1135 ceratio,
549 1047 620 1143 q‘ua
643 1057 710 1126 hoc
735 1055 827 1124 effici
850 1057 1077 1134 arbitrantur,
1099 1055 1207 1142 plane
1223 1055 1364 1124 diversa
1388 1064 1453 1125 est.

360 1163 451 1232 Cum
487 1162 583 1249 apud
612 1161 892 1248 Xenophontem
929 1159 1092 1229 Socrates
1125 1159 1353 1229 Critobulum
1389 1161 1455 1229 ad-

354 1265 514 1345 moneat,
549 1273 590 1334 ut
624 1269 740 1336 bonus
776 1264 841 1332 fiat
881 1301 920 1310 -
962 1287 1045 1333 nam
1076 1267 1144 1333 hoe
1179 1263 1457 1335 fundamentum

360 1394 437 1440 esse
463 1375 578 1440 cumis
603 1373 779 1437 amicitiae
802 1407 854 1448 v—,
878 1368 984 1436 Plato
1019 1371 1142 1454 longa.
1157 1374 1365 1454 quaestione
1389 1370 1455 1439 ad-

360 1477 477 1545 hibita
506 1476 599 1546 hanc
624 1476 837 1541 sententiam
861 1472 1073 1556 reiciendam
1099 1495 1176 1541 esse
1211 1472 1456 1544 demonstrare

362 1589 519 1649 conatur.

452 1683 633 1752 Socratem
657 1684 776 1766 igitur,
800 1684 915 1768 pergit
931 1680 1049 1760 Plato,
1065 1679 1245 1766 Lysidem.
1256 1683 1456 1751 allocutum

360 1809 438 1855 esse
470 1790 571 1872 eique
605 1785 825 1864 ostendisse,
860 1783 943 1852 illos
974 1784 1092 1854 solum
1143 1787 1303 1855 homines
1333 1791 1457 1871 magni

359 1895 478 1978 putari
502 1897 608 1976 atque
633 1893 753 1978 amari,
778 1892 839 1975 qui
862 1893 967 1976 periti
988 1900 1095 1976 atque
1115 1894 1294 1978 sapientes
1319 1900 1456 1970 essent;

360 2017 474 2080 neque
499 1999 593 2064 enim
617 2001 762 2082 propter
783 1993 1064 2063 adulescentiam
1088 2002 1253 2082 parentes
1279 2017 1360 2062 eum
1383 1999 1453 2063 im-

358 2098 489 2185 pedire,
514 2103 706 2184 quominus
733 2102 861 2177 omnia,
898 2119 987 2184 quae
1021 2099 1202 2185 voluptati
1226 2100 1297 2167 sibi
1322 2107 1453 2180 essent,

360 2203 498 2282 faceret,
528 2201 591 2272 sed
613 2197 758 2288 propter
785 2205 1010 2270 inscientiam
1042 2224 1145 2270 suam
1171 2210 1204 2270 et
1227 2206 1453 2290 imperitiam.

362 2305 417 2376 Ob
454 2329 534 2374 eam
566 2329 640 2375 rem
672 2328 777 2392 quam
805 2305 1001 2391 plurimum
1041 2306 1175 2375 discere
1210 2307 1378 2386 studeret,
1405 2315 1456 2398 ¹ut

360 2413 499 2479 civibus
539 2415 614 2478 suis
650 2413 786 2496 totique
820 2410 1038 2495 reipublicae
1077 2411 1178 2479 utilis
1224 2415 1454 2482 etemnibus

359 2516 570 2584 hominibus
596 2518 731 2582 amicus
756 2513 902 2593 ficret.³)
933 2539 943 2561 ·
1002 2576 1004 2581 .

449 2618 527 2699 Quo
561 2618 724 2706 exemplo
749 2619 964 2704 Hippothali
999 2620 1083 2689 dato
1110 2621 1273 2690 Socrates
1308 2618 1352 2687 ad
1376 2619 1454 2686 Me-

361 2745 551 2801 nexenum
581 2727 734 2790 anticum
757 2722 915 2807 Lysidis
952 2746 988 2792 se
1023 2729 1207 2794 convertit.
1253 2725 1456 2808 interrogat

360 2827 476 2908 illum,
500 2849 580 2894 eum
605 2849 685 2894 eum
710 2848 840 2910 magna
853 2827 1095 2898 familiaritate
1112 2852 1193 2898 cum
1209 2827 1344 2913 Lyside
1368 2850 1454 2898 con-

360 2935 521 3000 iunctum
547 2953 624 3000 esse
655 2935 861 3014 cognoverit
898 2941 931 2999 et
963 2937 1040 3018 ipse
1068 2938 1263 3002 amicorum
1293 2931 1454 3019 cupidis-

361 3039 474 3103 simus
505 3039 553 3104 sit
588 3035 796 3120 (φιλέταιρος),
830 3037 1008 3122 quomodo
1034 3037 1122 3106 alter
1146 3039 1292 3106 alterius
1318 3041 1455 3105 amicus

361 3138 424 3208 fiat
467 3148 501 3207 et
535 3148 612 3208 uter
647 3140 793 3208 alterius
830 3145 980 3209 amicus:
1018 3141 1171 3225 diligens
1207 3165 1253 3210 an
1290 3139 1453 3209 dilectus

360 3243 507 3311 Refutat
532 3243 861 3312 deindellenexeni
885 3249 1109 3326 sententiam,
1134 3268 1177 3314 ex
1206 3267 1276 3331 qua
1299 3249 1456 3314 amicitia

362 3369 440 3414 esse
463 3355 617 3432 nequeat
651 3350 723 3414 nisi
754 3354 992 3417 communitas
1023 3353 1056 3416 ei
1081 3349 1184 3418 adsit.
1231 3350 1325 3418 Nam
1348 3349 1456 3418 multi

361 3453 525 3520 homines
551 3473 660 3536 equos
685 3454 770 3518 vina
805 3452 878 3519 alia
908 3461 1041 3531 amant,
1071 3475 1092 3521 a
1123 3455 1254 3539 quibus
1278 3453 1456 3521 redamari

360 3579 434 3625 non
469 3563 631 3642 possunt.
701 3555 757 3624 Ex
801 3577 870 3641 quo
906 3561 1007 3643 sequi
1041 3557 1197 3636 videtur,
1245 3556 1455 3640 diligentem

362 3681 482 3729 revera
507 3663 660 3728 anticum
685 3680 761 3727 esse
779 3659 917 3741 dilecto,
942 3665 1018 3729 sive
1042 3663 1086 3730 ab
1111 3661 1174 3731 illo
1200 3660 1362 3745 diligitur
1379 3663 1455 3728 sive

361 3786 435 3834 non
459 3764 621 3847 diligitur
644 3763 701 3831 vel
727 3763 807 3833 odio
832 3764 993 3832 afficitur.
1053 3763 1123 3832 Sed
1156 3775 1190 3833 et
1211 3766 1280 3833 hoc
1305 3772 1340 3832 et
1362 3764 1455 3834 illud

363 3867 458 3954 quod
494 3865 645 3935 dilectus
682 3871 816 3936 amicus
853 3872 900 3936 sit
935 3868 1110 3953 diligenti,
1157 3867 1355 3942 absurdum
1389 3875 1455 3946 est,

362 3975 493 4057 quippe
536 3994 616 4039 cum
656 3970 732 4038 fieri
772 3993 845 4039 non
887 3976 1019 4058 possit,
1065 3981 1106 4040 ut
1156 3975 1311 4040 inimicis
1349 3975 1455 4041 amici

362 4079 474 4144 simus
500 4082 534 4142 et
559 4078 681 4144 enticis
706 4078 849 4144 inimici.
862 4076 889 4154 2²)

364 4287 572 4294 ——-—-—-—-

449 4413 470 4476 ¹)
490 4411 525 4469 ef.
546 4411 618 4482 Lys.
638 4430 666 4481 p.
686 4417 737 4470 206
747 4412 780 4470 Ε.
800 4441 834 4450 -
852 4417 904 4470 210
919 4412 952 4470 Ε.

451 4497 471 4566 ²)
490 4516 517 4568 p.
537 4503 586 4555 211
604 4500 638 4556 A.
659 4528 692 4538 -
711 4499 811 4556 2131).
