3246 5252
892 589 911 652 6

354 785 505 859 trantur,
530 779 593 846 alii
616 780 723 844 etiam
747 796 878 843 novam
901 776 999 844 viam
1022 775 1175 858 ingressi
1190 771 1306 842 multa
1329 774 1450 839 inesse

356 883 618 953 commentariis
654 886 830 959 statuunt,
866 898 956 965 quae
989 877 1281 964 aXenophonte
1316 879 1452 964 scripta

354 1010 429 1057 non
464 990 548 1066 sint,
583 984 645 1053 sed
682 990 745 1051 aut
778 981 996 1069 interpolata
1032 989 1095 1050 aut
1128 981 1273 1056 aliunde
1304 985 1446 1051 inserta.

356 1092 435 1174 Qua
466 1094 604 1160 ratione
639 1091 696 1158 usi
730 1087 959 1171 Krohnius1)
1003 1094 1038 1155 et
1070 1085 1317 1156 Hartmannus
1332 1087 1359 1172 2)
1396 1091 1452 1156 ita

354 1195 563 1285 procedunt,
586 1201 627 1262 ut
645 1195 841 1261 maximam
857 1190 1148 1262 Memorabilium
1163 1198 1301 1279 partem
1319 1192 1446 1280 depra-

354 1307 478 1370 vatam
501 1307 608 1385 atque
631 1295 977 1383 interpolationibus
1001 1296 1165 1365 refertam
1196 1318 1273 1365 esse
1298 1296 1446 1365 domon-

355 1411 467 1474 strare
490 1410 664 1471 conentur
687 1407 732 1482 et,
763 1403 795 1468 01
825 1405 966 1487 utrique
989 1399 1098 1470 fidem
1127 1401 1259 1471 habere
1282 1400 1447 1482 velimus,

354 1531 421 1578 nos
456 1509 605 1576 iubeant
638 1513 756 1575 totum
791 1505 860 1574 iere
895 1505 1028 1575 librum
1063 1505 1353 1593 aXenophonte
1382 1508 1447 1575 ab·

354 1611 519 1681 iudicare.

265 1707 266 1710 '
442 1714 629 1784 Krohnius
643 1714 860 1799 0010101113)
885 1721 1028 1782 secutus
1043 1713 1320 1800 Xenophontem
1344 1715 1448 1786 nullo

355 1820 426 1890 alio
451 1817 602 1890 oonsilio
632 1817 883 1898 Memorabilia
905 1821 1091 1905 scripsisse
1117 1817 1310 1899 contendit,
1340 1841 1449 1906 quam

354 1932 394 1993 ut
418 1924 600 1994 Socratem
624 1925 668 1993 ab
692 1927 829 2011 impetu
845 1923 1047 2011 Polycratis
1072 1922 1275 1992 defenderet
1298 1928 1449 2012 eiusque

357 2026 545 2115 ματηγορίαν
585 2029 760 2097 refutaret.
823 2029 904 2096 Etsi
936 2029 1077 2097 doctam
1102 2028 1227 2098 Cobeti
1251 2027 1294 2096 de
1318 2030 1386 2098 hac
1410 2051 1448 2098 10

355 2131 636 2220 disputationem
666 2132 823 2201 multum
853 2131 1180 2202 verisimilitudinis
1205 2133 1336 2203 habere
1359 2155 1446 2207 con-

355 2237 452 2319 cedo,
481 2244 602 2308 tamen
632 2259 754 2306 veram
786 2259 863 2305 esse
894 2258 971 2305 eam
1001 2241 1214 2322 negaverim.
1261 2236 1449 2306 Permulta

356 2345 451 2410 enim
481 2346 519 2411 in
551 2345 814 2410 commentariis
844 2345 1087 2428 inveniuntur,
1122 2364 1213 2429 quae
1243 2344 1329 2412 huic
1363 2366 1447 2412 sen-

355 2450 489 2514 tentiae
523 2455 733 2533 repugnant.
790 2445 914 2516 Unum
945 2445 1052 2515 liceat
1075 2447 1217 2516 adferre.
1265 2447 1446 2534 Xenopho

355 2549 532 2635 siquidem
577 2550 671 2619 nihil
716 2550 815 2619 aliud
861 2553 931 2620 sibi
975 2555 1234 2638 proposuisset,
1288 2554 1360 2620 nisi
1406 2560 1448 2622 ut

353 2657 566 2739 magistrum
602 2674 623 2720 a
657 2656 866 2724 criminibus
902 2659 940 2724 in
974 2678 1055 2723 eum
1091 2655 1233 2724 collatis
1267 2663 1448 2742 purgaret,

353 2780 539 2844 nunquam
563 2757 790 2844 prodidisset,
822 2781 903 2827 eum
926 2758 1312 2846 populareimperium
1336 2762 1447 2830 vehe-

353 2866 575 2946 mentissime
611 2864 908 2950 acerbissimeque
948 2867 1181 2950 impugnasse
1224 2871 1259 2932 et
1292 2863 1449 2951 plebem,

354 2987 445 3052 quae
474 2969 513 3035 in
541 2970 774 3038 concionibus
806 2967 848 3036 de
882 2970 1031 3036 summis
1060 2972 1111 3036 101
1137 2968 1304 3055 publicae
1338 2973 1448 3041 rebus

354 3068 574 3150 deliberaret,
615 3092 762 3158 prorsus
806 3076 1080 3158 contempsisse:
1120 3073 1224 3141 Mem.
1241 3071 1243 3078 ’
1260 3074 1322 3144 ΙΠ.
1361 3082 1391 3156 7,
1426 3082 1449 3145 6

352 3173 472 3258 πότερον
495 3175 550 3260 γὰρ
573 3175 639 3246 τούς
662 3177 781 3262 γναφεῖς
805 3175 897 3240 αὐτῶν
920 3173 939 3261 ἢ
962 3177 1028 3249 τούς
1052 3180 1162 3250 σκυτεῖς
1185 3175 1204 3262 ἢ
1228 3180 1293 3252 τοὺς
1311 3181 1447 3253 τέκτονας

352 3274 371 3362 ἢ
394 3278 460 3349 τούς
475 3281 604 3374 ιχαλκεῖς
630 3277 738 3363 deod:
761 3282 907 3366 γεωργοὺς
930 3277 949 3365 ἢ
972 3282 1038 3354 τούς
1058 3283 1201 3368 ἐμπόρους
1224 3280 1243 3367 ἢ
1267 3286 1333 3358 τοὺς
1356 3289 1387 3350 ἐν
1410 3292 1450 3372 τῇ

352 3380 446 3468 ἀγορᾷ
471 3385 742 3469 μεταβαλλομένους
764 3383 813 3449 καὶ
837 3384 1036 3472 φροντίζοντας
1057 3384 1101 3452 ὅτι
1121 3388 1273 3460 ἐλάττονος
1293 3389 1449 3475 πριάμενοι

352 3485 483 3560 πλείονος
506 3486 670 3552 ἀποδῶνται
694 3488 836 3575 odoldum
867 3492 899 3554 ἐκ
918 3490 974 3576 γὰρ
989 3491 1098 3555 τούτων
1115 3491 1251 3556 ἁπάντων
1267 3492 1286 3577 ἡ
1304 3492 1446 3576 ἐκκλησία

354 3590 526 3656 συνίσταται.
578 3593 740 3680 Apparet
762 3593 853 3684 tales
877 3599 1099 3665 narrationes
1125 3596 1308 3666 Socratem
1332 3620 1353 3666 a
1376 3601 1445 3666 cri-

352 3699 512 3767 minibus
528 3698 716 3766 hominum
738 3699 1013 3769 obtrectantium
1031 3700 1165 3768 diluere
1182 3724 1256 3770 non
1270 3707 1448 3789 potuisse,

352 3805 460 3870 immo
508 3809 610 3888 aptas
657 3802 790 3882 fuisse,
859 3826 948 3891 quae
1005 3803 1182 3891 populum
1228 3806 1447 3876 lacesserent

353 3914 405 3984 et,
443 3914 483 3975 ut
516 3913 636 3994 partes
673 3905 959 3978 adversariorum
995 3917 1243 3996 sequerentur,
1285 3933 1445 3981 commo-

352 4017 484 4080 verent.
531 4011 680 4080 Accedit
711 4011 807 4097 quod
830 4011 1012 4101 Xenopho
1035 4013 1223 4084 nonnullis
1247 4014 1337 4084 locis
1361 4038 1445 4084 sen-

352 4116 485 4183 tentias
517 4115 670 4186 aliorum
699 4115 888 4186 hominum
919 4118 1031 4188 adfert
1054 4127 1089 4187 et
1110 4120 1251 4202 refutet,
1284 4139 1376 4206 quae
1399 4117 1446 4188 ad

441 4288 460 4351 11
481 4285 617 4346 Socrates
635 4306 663 4346 u.
682 4287 860 4358 Xenophon.
880 4289 967 4348 Halis
986 4295 1062 4350 1875.

439 4373 459 4442 ²)
480 4373 622 4433 Analecta
653 4375 885 4444 Xenophontea,
919 4376 1061 4448 Lugduni
1096 4379 1277 4437 Batavorum
1309 4381 1339 4436 et
1372 4377 1446 4447 Lip-

352 4460 413 4520 siae
432 4466 508 4519 1887.

439 4551 459 4618 ³)
478 4548 581 4608 Novae
599 4549 742 4609 lectiones
760 4569 789 4620 p.
809 4555 860 4610 662
879 4569 943 4624 sqq.
