3246 5252
838 522 880 586 ‘28

313 709 467 776 obscura
491 711 548 787 sit,
581 729 688 794 quam
717 715 757 776 ut
779 709 885 777 horas
911 707 1099 794 disponere
1127 707 1255 795 possit,
1292 708 1407 778 stallis

314 811 557 881 collustratur.

400 923 417 993 ἓ
442 923 470 984 8.
506 916 537 979 td
570 915 602 980 δέ
631 917 679 980 τόν
702 913 792 999 ἥλιον,
817 915 935 978 ἐπειδὰν
959 917 989 978 ἐν
1014 921 1134 1001 χειμῶνι
1162 916 1315 1002 τράπηται,
1339 943 1409 1004 προ-

312 1021 405 1084 σιέναι
435 1021 470 1084 ταὶ
502 1019 553 1104 μέν
585 1013 753 1106 ἀδρόνοντα,
783 1021 818 1084 τοὶ
850 1019 882 1084 δέ
915 1017 1090 1104 ξηραίνοντα,
1122 1015 1159 1083 ὧν
1189 1021 1288 1106 καιρός
1312 1019 1409 1105 διελη-

258 1173 260 1180 ·
312 1129 390 1200 λυθε,
414 1123 577 1189 καὶταῦτα
601 1127 832 1210 διαπραξάμενον
857 1123 960 1209 μηκέτι
983 1125 1127 1210 ἐγγυτέρω
1150 1125 1307 1210 προσιέναι,
1342 1124 1404 1189 ἀλλ’

312 1227 533 1314 ἀποτρέπεσθαι
564 1229 779 1315 φυλαττόμενον
818 1229 858 1313 μή
885 1255 911 1292 τι
942 1227 1020 1312 ἡμᾶς
1055 1233 1165 1312 μᾶλλον
1199 1235 1249 1294 τοδ
1295 1229 1409 1302 δέοντος

310 1333 474 1418 θερμαίνων
505 1333 614 1420 βλάψη
636 1331 685 1396 καὶ
716 1329 784 1397 όταν
819 1327 856 1396 αὖ
880 1331 966 1396 πάλιν
993 1331 1085 1397 ἀπιὼν
1114 1333 1239 1417 γένηται,
1267 1331 1336 1398 ἔνθα
1359 1332 1408 1397 καὶ

313 1437 381 1522 ἡμῖν
405 1437 493 1524 δηλόν
518 1441 577 1503 ἐστι
601 1435 653 1514 δ’τι,
678 1439 703 1501 εἰ
726 1436 902 1524 προσωτέρω
926 1433 1048 1513 ἀπεισιν,
1072 1435 1329 1522 ἀποπαγησόμεθα
1353 1437 1407 1502 ort

311 1549 364 1606 τοῦ
387 1542 507 1630 ψύχους,
539 1542 625 1606 πάλιν
658 1537 695 1606 αδ
727 1543 885 1628 τρέπεσθαι
916 1539 966 1604 καὶ
988 1545 1179 1628 προσχωρεῖν,
1207 1539 1257 1606 καὶ
1280 1544 1408 1606 ἐνταῦθα

313 1653 363 1710 rod
398 1646 523 1732 οὐρανοῦ
558 1645 793 1731 ἀναστρέφεσθαι
828 1645 896 1710 ἔνθα
929 1641 967 1708 ὢν
1002 1644 1113 1729 μάλιστ’
1150 1644 1227 1731 ἡμᾶς
1262 1645 1408 1732 ὠφελοίη;

313 1753 501 1820 Krohnius
525 1759 665 1820 tantam
689 1750 731 1818 do
756 1772 862 1818 cursu
887 1750 974 1820 solis
999 1753 1147 1836 eiusque
1172 1751 1299 1821 affectu
1324 1774 1405 1820 scn-

313 1859 463 1923 tcntianr
498 1878 572 1924 non
608 1843 755 1926 Socrati
784 1855 843 1924 vcl
877 1854 1131 1942 Xenophonti,
1167 1855 1230 1924 scd
1265 1855 1407 1925 demum

313 1960 445 2030 Stoicis
470 1958 645 2028 vindicari
667 1981 774 2047 posse
798 1962 1008 2028 arbitratur:
1047 1958 1156 2038 „Jcnc
1178 1960 1407 2046 polarischcn

314 2063 389 2133 und
413 2063 620 2150 tropischon
636 2061 954 2148 Wi1·kungcn,2dio
979 2069 1049 2132 aus
1065 2063 1134 2133 dcn
1157 2065 1408 2134 wechsclndcn

315 2167 592 2236 Vcrhaltnisscn
627 2189 700 2236 von
735 2167 982 2237 Sonnsnbahn
1028 2167 1103 2236 und
1147 2169 1244 2240 Zone
1290 2170 1404 2239 rasul-

317 2275 439 2350 ticren
472 2271 599 2341 fithrcn
628 2272 692 2340 auf
719 2272 1011 2356 Erwaitcrungan
1039 2276 1077 2340 in
1107 2273 1408 2343 astronomischcr

312 2376 392 2460 ‚und
415 2376 716 2462 geographischcr
742 2375 882 2456 Kundc,
918 2375 974 2444 dic
1010 2375 1089 2445 darn
1115 2377 1277 2446 Socrates
1313 2379 1407 2449 noch

314 2481 390 2550 farn
414 2480 530 2564 lagon,
556 2480 634 2550 dcm
651 2480 870 2548 Posidonius
896 2534 902 2547 .
930 2533 936 2547 .
962 2533 969 2546 .
996 2535 1001 2547 .
1028 2483 1111 2550 abor
1134 2481 1231 2550 wohl
1246 2481 1408 2566 bekannt

314 2607 479 2669 gcwcscn
503 2584 614 2654 sindf·
664 2584 735 2653 Sed
752 2583 887 2670 duplici
911 2606 1025 2652 crrorc
1049 2594 1175 2672 captus
1201 2594 1268 2666 cst;
1293 2605 1407 2673 nequo

316 2693 414 2757 eninr
445 2688 609 2758 Socratas
646 2697 807 2757 accurata
843 2687 1011 2757 describit
1045 2689 1198 2771 lincam,
1246 2713 1316 2776 qua
1351 2692 1406 2760 sol

315 2816 459 2862 cursum
490 2797 627 2869 circum
660 2801 788 2862 terram
825 2796 898 2878 agit
931 2815 1046 2879 noque
1082 2815 1228 2873 causas,
1275 2797 1406 2880 quibus

314 2899 412 2969 calor
436 2907 470 2967 et
497 2899 609 2984 frigus
633 2906 840 2978 nascuntur,
865 2896 928 2964 scd
951 2905 1093 2967 tantum
1117 2897 1159 2966 dc
1182 2898 1403 2966 vicissitudi-

312 3006 422 3077 nibus
449 3006 701 3072 annivcrsariis
725 3001 895 3088 loquitur,
928 3024 1018 3088 quac
1041 3002 1229 3071 hominum
1255 3025 1363 3071 causa
1388 3025 1409 3070 a

314 3107 383 3175 diis
422 3107 648 3193 providenter
685 3109 871 3175 institutae
911 3110 1000 3187 sint,
1045 3128 1091 3174 na
1132 3115 1216 3194 post
1254 3106 1407 3175 calorem

313 3214 436 3281 subito
469 3219 637 3280 nascatur
667 3211 779 3296 frigus
816 3218 850 3278 ct
883 3219 966 3297 post
1000 3211 1111 3296 frigus
1135 3207 1263 3280 ¹subito
1300 3211 1406 3290 calor,

313 3316 378 3384 scd
391 3323 442 3395 ‚ut
455 3322 489 3384 ct
502 3315 599 3384 calor
613 3323 647 3384 ct
659 3314 771 3400 frigus
785 3319 919 3384 sensim
930 3323 1103 3400 augeatur
1116 3322 1150 3383 ct
1162 3318 1367 3384 minuatur‘.
1380 3315 1406 3397 ¹)

314 3421 438 3507 Naquc
474 3419 609 3489 sacculi
648 3423 765 3506 quinti
809 3433 843 3488 et
883 3424 1000 3506 quarti
1036 3420 1162 3490 Gracci
1193 3423 1232 3488 in
1261 3419 1408 3489 Homeri

313 3525 358 3594 dc
382 3524 479 3594 caclo
497 3527 675 3594 sententia
686 3527 973 3610 perseverabant,
998 3523 1060 3591 scd
1075 3525 1191 3593 multo
1205 3529 1405 3594 accuratius

314 3634 352 3698 in
381 3630 537 3700 sidorum
571 3628 690 3698 studio
726 3631 963 3698 versabantur
995 3627 1108 3714 doquc
1143 3650 1248 3699 cursu
1284 3651 1406 3699 corum

312 3738 554 3819 cognitionem
578 3733 691 3803 multo
716 3736 886 3801 maiorem
909 3734 1089 3801 tenebant.
1115 3732 1168 3799 Dc
1192 3732 1360 3802 solstitiis
1374 3756 1405 3801 v.

312 3839 441 3908 Herod.
459 3838 502 3907 Π.
518 3847 535 3918 ἓ
564 3845 593 3904 4.
610 3839 661 3920 τὴν
675 3837 842 3924 χειμερινὴν
855 3835 932 3922 ὥρην
942 3833 1175 3920 ἀπελαυνόμενος
1188 3835 1203 3899 δ
1217 3833 1297 3920 ἥλιος
1310 3839 1344 3900 ἐκ
1358 3842 1408 3918 τῆς

312 3942 440 4029 ἀρχαίης
463 3942 592 4016 διεξόδου
616 3941 671 4006 ὑπό
695 3947 749 4004 τῶν
771 3940 921 4027 χειμώνων
946 3939 1064 4027 ἔρχεται
1086 3945 1137 4024 τῆς
1153 3939 1262 4026 Λιβόης
1285 3940 1321 4004 τὰ
1337 3934 1408 4004 ἀνω.

402 4222 422 4287 1)
442 4239 467 4278 v.
489 4220 597 4289 Cyrop.
623 4219 668 4276 VI
686 4223 711 4289 2,
737 4223 779 4276 29.
817 4215 833 4290 ἡ
858 4217 905 4296 γάρ
930 4217 998 4272 κατὰ
1023 4217 1114 4291 μικρὸν
1139 4215 1297 4283 παράλλαξις
1321 4223 1407 4272 πᾶσαν

314 4315 384 4361 ποιεῖ
401 4305 475 4380 φόσιν
500 4305 638 4380 ὑποφέρειν
663 4303 711 4367 τάς
736 4303 895 4376 μεταβολάς·
927 4303 1040 4358 διδάσκει
1059 4307 1086 4358 δὲ
1104 4307 1149 4358 καὶ
1169 4302 1182 4358 δ
1208 4303 1272 4370 θεός,
1301 4302 1407 4376 ἀπάγων

312 4389 382 4466 ἡμᾶς
400 4393 469 4448 αατόι
495 4395 585 4468 μικρὸν
612 4396 641 4448 ἐκ
665 4399 711 4448 τοῦ
737 4398 864 4468 χειμῶνος
893 4393 928 4453 εἰς
946 4393 976 4446 rb
995 4389 1134 4466 ἀνέχεσθαι
1154 4391 1246 4466 ἰσχυρὰ
1265 4389 1350 4463 θάλπη
1378 4393 1410 4446 ἐκ

312 4486 359 4534 τοῦ
379 4479 492 4541 θάλπους
511 4484 546 4542 εἰς
564 4479 608 4555 τὸν
628 4479 732 4555 ι’σχυρδν
753 4487 876 4556 χειμῶνα.
