3246 5252
690 801 752 870 ‘V.

274 971 316 1041 In
339 974 513 1058 principio
537 981 710 1059 tanquam
737 977 849 1042 totius
872 973 1128 1060 philosophiae
1151 971 1274 1044 Xeno-

179 1076 362 1161 phonteae
385 1076 593 1163 ponendum
618 1086 671 1146 est
694 1077 787 1147 illud
814 1081 905 1162 (γνῶθι
928 1076 1050 1154 σαυτόν’,
1075 1078 1118 1146 de
1137 1101 1213 1166 ·quo
1239 1084 1277 1150 iu

178 1182 314 1248 eximio
361 1178 424 1250 illo
472 1185 586 1268 capite
628 1183 733 1252 Mem.
777 1181 829 1250 IV
870 1187 889 1250 2
935 1183 1061 1268 'longe
1109 1186 1277 1253 omnibus

181 1292 387 1372 praestante
413 1289 536 1368 agitur.
582 1285 763 1374 Xenopho
794 1291 872 1374 ipse
895 1290 999 1357 initio
1032 1290 1160 1374 capitis
1191 1310 1273 1374 pro-

185 1388 293 1468 didit,
339 1411 376 1456 se
412 1389 616 1476 exemplum
650 1377 922 1478 propositurum
957 1412 1045 1465 0000,
1094 1392 1276 1477 quomodo

182 1492 346 1560 Socrates
371 1492 616 1562 adulescentes
641 1494 686 1562 ad
708 1498 877 1564 virtutem
903 1494 1173 1582 adipiscendam
1196 1519 1275 1582 per-

180 1596 354 1664 duxisset.
393 1596 559 1666 Genuina
576 1598 732 1668 Socratis
746 1599 1005 1670 consuetudine
1022 1599 1276 1686 Euthydemus

183 1700 406 1781 adulescens
431 1706 493 1789 qui
516 1707 702 1772 scientiam
732 1726 835 1772 suam
865 1705 1021 1773 iactabat
1045 1713 1079 1773 ct
1102 1709 1274 1789 magistro

181 1826 257 1873 non
281 1805 473 1874 adiuvante
497 1811 582 1875 artis
607 1807 774 1894 politicae
798 1811 952 1894 peritum
977 1829 1015 1874 se
1039 1807 1173 1878 factum
1199 1807 1275 1878 esse

181 1908 415 1994 gloriabatur,
439 1912 611 1981 refutatur
635 1919 669 1981 et
692 1911 908 2000 perducitur,
940 1919 981 1979 ut
1005 1933 1042 1979 se
1066 1912 1161 1981 nihil
1185 1917 1275 1982 scire

181 2015 342 2083 fateatur.
390 2016 528 2100 Deinde
553 2015 716 2085 Socrates
742 2017 908 2096 ostendit,
945 2019 1005 2102 qui
1036 2022 1148 2085 artem
1181 2018 1275 2104 poli-

182 2122 291 2186 ticam
315 2128 470 2206 appetat,
500 2127 582 2190 ante
607 2125 727 2190 omnia
757 2143 794 2189 se
819 2125 939 2208 ipsum
965 2143 1055 2209 opus
1081 2144 1157 2190 esse
1193 2143 1275 2206 cog-

183 2231 319 2303 noscat,
337 2228 469 2311 quippe
483 2247 563 2294 cum
577 2230 647 2295 nisi
665 2229 759 2296 hanc
775 2229 1017 2312 impetraverit
1030 2229 1274 2310 cognitionem

184 2327 377 2396 diiudicare
411 2352 485 2397 non
508 2335 635 2417 possit,
669 2331 754 2417 quid
783 2334 929 2409 iustum,
965 2327 1050 2416 quid
1086 2333 1274 2408 iniustum,

183 2432 270 2518 quid
293 2435 440 2512 bonum,
465 2435 551 2520 quid
575 2435 720 2504 malum.

269 2536 427 2606 Zellerus
436 2540 461 2622 1)
474 2539 756 2626 Xenophontem
769 2544 912 2607 secutus
925 2539 1019 2606 hanc
1033 2542 1273 2623 cognitionem

182 2645 220 2709 in
257 2645 359 2710 initio
390 2641 589 2710 Socraticae
622 2644 875 2732 philosophiae
909 2646 1040 2729 posuit.
1090 2642 1162 2711 Sed
1194 2664 1275 2710 cum

181 2745 361 2832 Xenopho
399 2769 475 2815 cam
511 2757 685 2834 tanquam
719 2770 782 2835 pro
817 2747 914 2815 fonte
935 2740 1089 2827 habeat,
1130 2769 1173 2814 ex
1204 2769 1273 2833 quo

181 2859 304 2918 manat
340 2855 455 2919 omnis
491 2855 649 2929 scientia,
679 2851 839 2920 Zellerus
872 2849 1113 2920 demonstrare
1144 2849 1274 2928 studet,

183 2953 321 3023 Socrati
356 2959 412 3023 sui
447 2960 688 3040 cognitionem
723 2956 867 3024 nullum
907 2954 1134 3023 commodum
1170 2977 1273 3042 prae-

181 3061 304 3130 buisse
328 3063 399 3128 nisi
431 3060 526 3147 011011
562 3083 599 3129 00
629 3061 721 3130 nihil
754 3065 842 3129 scire
880 3059 1109 3143 intellegeret.
1159 3058 1275 3157 Quam

182 3163 457 3251 discrepantiam
489 3172 530 3233 ut
565 3165 769 3246 solvamus,
817 3165 1004 3250 diligenter
1039 3185 1183 3232 necesse
1219 3171 1273 3232 est

181 3272 415 3356 inquiramus,
451 3277 571 3339 utrum
605 3271 785 3356 Xenopho
820 3272 890 3340 hoc
922 3271 1001 3339 loco
1032 3268 1189 3338 Socratis
1227 3290 1273 3336 an
1352 3313 1357 3324 ι

182 3374 275 3443 alius
300 3373 487 3442 cuiusdam
512 3374 739 3460 disciplinam
764 3374 973 3461 complexus
998 3377 1053 3442 011.

268 3477 518 3547 Duemmlerus
552 3479 590 3547 11.
626 3502 659 3567 p.
696 3485 738 3548 35
778 3486 870 3548 reete
913 3479 1189 3556 demonstravit,
1236 3480 1273 3544 in

179 3586 295 3670 priore
319 3584 428 3651 huius
452 3587 579 3669 0001110
603 3593 702 3671 parte
726 3587 880 3668 vestigia
904 3583 1079 3669 quaedam
1109 3584 1272 3662 inveniri,

181 3709 272 3776 quae
300 3694 462 3774 spectent
492 3687 536 3755 ad
559 3689 831 3757 Antisthenem:
875 3695 892 3765 ἐ
918 3694 966 3756 10.
1004 3685 1080 3749 ἀλλὰ
1110 3685 1149 3769 μὴ
1174 3686 1273 3770 ῥαψῳ-

181 3791 244 3872 ὂός;
272 3791 345 3878 ἔφη·
369 3789 418 3855 καὶ
445 3791 500 3876 γὰρ
523 3792 558 3854 τὰ
578 3789 710 3876 Ὁμήρου
742 3793 774 3855 σε’
797 3817 884 3878 φασιν
909 3791 964 3874 ἔπη
988 3790 1082 3853 πάντα
1104 3791 1272 3871 κεκτῆσθαι.

181 3898 222 3980 poi
246 3895 293 3960 Δί’
320 3895 373 3960 οὐκ
396 3895 490 3980 ἔγωγ’,
526 3895 598 3981 ἔφη·
631 3897 696 3968 τούς
725 3896 780 3981 γάρ
811 3921 855 3958 τοι
889 3894 1043 3981 ῥαψῳῦοὺς
1072 3893 1138 3956 οἶδα
1160 3891 1196 3955 τὰ
1221 3891 1272 3975 μὲν

182 3999 237 4083 ἔπη
266 3999 462 4086 ἀκριβοῦντας,
488 3991 591 4072 αὐτοὺς
624 3999 656 4064 δὲ
679 4000 754 4063 πάνυ
778 3998 904 4084 ἠλιθίους
940 3995 1031 4070 ὄντας.
1080 3998 1134 4066 101,
1160 3997 1270 4067 COHV.

180 4103 234 4174 III
257 4109 302 4188 6.)
361 4104 431 4173 Sed
466 4109 498 4174 ei
532 4127 605 4173 non
638 4105 788 4185 credam,
825 4109 856 4173 01
886 4105 1169 4190 Xenophontem
1192 4102 1270 4170 An-

181 4209 373 4280 tisthenem
389 4210 553 4279 Platonis
578 4213 715 4278 ratione
736 4208 892 4278 deridere
917 4218 1048 4277 etcum
1065 4208 1133 4276 hoc
1147 4214 1272 4275 contra

267 4431 713 4523 wmamnmna
