3246 5252
694 508 734 572 15

165 697 295 762 essent.
360 693 485 779 ltaque
519 692 663 762 nullum
701 695 839 762 bonum
869 715 946 762 esse
977 696 1049 762 nisi
1079 697 1261 775 virtutem,

165 796 310 866 nullum
333 799 464 866 vitium
486 801 557 866 nisi
572 800 804 886 pravitatem;
829 803 942 866 cetera
963 800 1083 868 omnia
1098 803 1259 868 neutrius

165 905 306 987 generis
352 923 429 970 esse
471 924 587 988 neque
632 904 728 972 bona
774 924 888 988 neque
926 901 1040 971 mala:
1086 927 1118 970 v.
1155 903 1258 989 Diog.

165 1005 282 1074 Lauri.
307 1005 367 1074 VI.
391 1011 462 1075 105.
495 1006 531 1070 τοί
562 1005 594 1069 δὲ
626 1005 732 1090 μεταξὺ
763 1005 868 1091 ἀρετῆς
895 1003 945 1070 καί
973 1003 1078 1079 κακίας
1113 1005 1261 1095 ἀδιάφορα

165 1109 296 1194 λέγουσιν
315 1108 424 1195 ὁμοίως
444 1108 591 1195 Ἀρίστωνι
614 1117 655 1196 τῷ
673 1109 750 1196 Χίῳ.
795 1112 900 1180 Hunc
923 1112 1106 1183 Aristonis
1130 1105 1260 1208 locum,

166 1235 269 1300 quem
301 1217 447 1302 respicit
464 1214 655 1300 Diogenes,
688 1219 887 1285 accuratius
918 1238 1127 1303 expressum
1158 1217 1258 1286 vide-

164 1342 246 1388 mus
282 1319 378 1406 apud
413 1318 641 1400 Galenum¹):
689 1320 740 1384 ἐὰν
774 1315 825 1383 οὖν
858 1346 899 1393 τις
929 1321 977 1384 τδν
1007 1319 1130 1386 θάνατον
1159 1317 1178 1406 ή
1208 1322 1260 1406 τήν

163 1421 264 1487 πενίαν
291 1420 310 1506 l}
339 1424 390 1507 τήν
420 1422 503 1487 νόσον
532 1421 570 1496 ὡς
600 1424 677 1488 κακά
707 1415 807 1496 δεδιὼς
837 1419 866 1510 ᾖ,
897 1424 962 1488 δέον
997 1427 1119 1512 θαρρεῖν,
1151 1425 1190 1498 ὡς
1213 1424 1260 1491 ἐπί

164 1525 344 1612 ἀδιαφόροις,
374 1526 471 1613 ἐνδείᾳ
494 1527 546 1613 μὲν
570 1528 728 1613 ἐπιστήμης
746 1526 832 1593 αὐτὸν
855 1526 979 1594 τίθενται
999 1527 1111 1614 ἀγνοεῖν
1126 1528 1259 1614 τάληθές,

162 1630 202 1704 ὡς
214 1628 392 1718 ἀνἈρίστων
404 1657 436 1696 τε
448 1630 498 1696 καί
510 1631 682 1719 Χρόσιππος
699 1630 784 1710 είποι,
807 1630 911 1697 κακίαν
934 1633 967 1697 δὲ
991 1631 1076 1721 ἔχειν
1094 1639 1199 1722 ψυχῆς,
1222 1630 1257 1720 ἣν

162 1734 338 1820 ὀνομάζουσι
360 1734 478 1813 δειλίαν,
518 1732 537 1822 ᾗ
571 1735 701 1802 ἐναντίαν
736 1735 842 1823 ἀρετήν
877 1735 961 1801 αὐτοί
995 1761 1083 1824 φασιν
1108 1738 1183 1802 εἶναι
1204 1737 1257 1822 τήν

162 1839 297 1926 ἀνδρείαν
346 1840 506 1926 ἐπιστήμην
552 1837 641 1906 οὖσαν
679 1839 716 1906 ὧν
754 1843 813 1931 χρή
852 1844 966 1930 θαρρεῖν
1004 1839 1023 1927 l]
1059 1843 1099 1927 μή
1134 1844 1257 1936 θαρρεῖν,

161 1943 234 2008 τοῦτ’
247 1944 321 2009 ἐ’στιν
344 1945 464 2031 ἀγαθῶν
486 1971 518 2010 τε
548 1945 598 2011 καί
620 1953 717 2035 κακῶν
747 1953 802 2011 τῶν
830 1943 919 2022 όντως
950 1947 1083 2032 δηλονότι
1110 1947 1257 2026 τοιούτων,

161 2047 196 2113 od
225 2050 300 2114 κατὰ
335 2054 430 2136 ψευδῆ
461 2049 545 2124 δόξαν
575 2051 807 2136 ὑπειλημμένων,
838 2051 941 2139 οἷάπερ
978 2047 1054 2115 ἐστίν
1084 2048 1177 2135 ὑγίεια
1208 2048 1257 2115 καί

160 2158 283 2227 πλοῦτος
315 2153 363 2218 καί
393 2156 475 2228 νόσος
505 2154 554 2220 καί
583 2155 684 2220 πενία·
712 2155 822 2220 τοότων
849 2157 905 2242 γὰρ
933 2154 1017 2221 οὐδὲν
1048 2149 1116 2219 οὔτε
1143 2152 1257 2236 ἀγαθδν

160 2253 228 2322 οότε
250 2259 339 2322 κακδν
364 2257 437 2324 εἶναί
460 2287 555 2346 φασιν,
579 2259 656 2325 ἀλλὰ
681 2259 832 2345 ἀδιάφορα
854 2259 949 2324 πάντα
972 2263 1031 2323 κτλ

249 2364 412 2450 Apparet
449 2368 559 2450 igitur
598 2368 752 2452 priorem
796 2367 969 2432 sermonis
1010 2370 1148 2452 partem
1182 2386 1256 2432 non

162 2467 342 2537 refutandi
366 2491 474 2538 causa
499 2474 668 2558 scriptam
692 2469 755 2538 sed
784 2473 822 2538 in
846 2470 1077 2538 Antisthenis
1100 2475 1256 2538 mentem

161 2571 383 2659 disputatum
419 2595 511 2654 esse;
558 2596 673 2661 neque
711 2596 794 2662 vero
836 2578 931 2643 inest
966 2577 1156 2660 quicquam
1189 2576 1257 2641 toti

162 2677 410 2764 disputationi,
452 2677 549 2765 quod
586 2678 687 2747 illius
723 2678 904 2748 doctrinae
938 2687 1121 2766 repugnet.
1168 2677 1255 2747 Per·

164 2781 275 2850 simili
308 2785 457 2862 ratione,
492 2804 563 2869 qua
596 2783 666 2853 hoo
700 2782 779 2852 loco
817 2782 990 2859 Socrates„
1015 2782 1254 2851 Antisthenes

161 2884 455 2972 discrepantiam,
491 2908 582 2973 quae
618 2894 735 2956 exstat
768 2890 860 2966 inter
898 2885 1007 2972 ‘arpen'
1046 2894 1081 2955 et
1118 2885 1253 2973 ,χρῆσιςᾎ

160 3011 375 3078 magnopere
408 2995 553 3078 pressit:
601 3015 632 3060 v.
658 2992 814 3078 Epicteti
849 2991 987 3060 dissert.
1019 2990 1081 3059 ΠΙ.
1114 2995 1164 3058 24.
1202 2996 1253 3059 68.

159 3092 274 3167 ἐδίδαξέ
290 3119 326 3180 με
341 3094 377 3159 τά
393 3095 459 3179 ἐμοὶ,
483 3092 533 3158 καί
555 3095 591 3160 τοὶ
615 3093 668 3158 οόκ
692 3094 767 3179 ἐμά·
794 3100 892 3178 κτῆσις
915 3092 968 3158 οὐκ
991 3093 1057 3180 ἐμή.
1102 3095 1253 3179 συγγενεῖς,

159 3199 270 3275 οἰκεῖοι,
312 3196 400 3284 φίλοι,
435 3198 529 3285 φήμη,
565 3198 695 3283 συνήθεις
728 3198 820 3277 τόποι,
855 3196 997 3284 διατριβή,
1031 3197 1127 3262 πάντα
1161 3205 1254 3262 ταῦτα

159 3299 203 3366 ότι
215 3301 362 3387 ἀλλότρια.
374 3340 417 3348 -
429 3305 479 3366 σὸν
492 3298 541 3366 οὖν
557 3301 597 3382 τί;
607 3341 648 3348 -
656 3308 760 3390 χρῆσις
772 3309 945 3388 φαντασιῶν.
968 3301 1076 3386 ταότην
1088 3301 1202 3376 ἐδίδαξε
1218 3327 1254 3387 με

159 3401 204 3469 ’ότι
226 3404 374 3470 ἀκώλυτον
396 3406 467 3493 ἔχω,
491 3412 550 3471 κτλ.
585 3407 803 3477 Luculenter
833 3408 967 3477 dehac
991 3429 1027 3476 re
1052 3406 1253 3496 disputavit

159 3509 229 3578 Dio
255 3510 440 3598 Chrysost.
467 3533 513 3580 or.
546 3511 591 3580 X.
620 3517 773 3592 17—22,
798 3535 904 3599 quem
929 3512 1146 3598 Cynicorum
1169 3533 1251 3581 ves-

158 3617 247 3698 tigia
279 3620 454 3701 pressisse
488 3620 577 3686 satis
612 3625 738 3685 notum
779 3625 841 3685 est.
896 3616 1037 3686 Scimus
1072 3624 1253 3700 praeterea

158 3719 413 3788 Antisthenem
450 3744 573 3790 omnes
607 3723 772 3790 homines
797 3721 964 3790 divisisse
998 3723 1036 3790 in
1069 3723 1250 3807 sapientes

159 3829 194 3890 et
217 3822 369 3895 stolidos
394 3831 428 3893 et
451 3829 631 3911 sapientes
667 3826 787 3895 solum
811 3828 937 3905 bonos
966 3831 1100 3894 ceteros
1126 3846 1248 3892 omnes

157 3926 275 3997 malos
311 3937 417 4015 atque
451 3932 634 4016 improbos
670 3929 880 4017 appellasse.
929 3929 1073 4016 Optime
1097 3928 1250 4014 denique

157 4033 195 4098 in
217 4038 331 4101 totam
354 4037 568 4102 sententiam
594 4034 744 4121 quadrat
775 4034 871 4122 quod
905 4034 1010 4103 illum
1034 4031 1251 4119 Cynicorum

155 4224 364 4234 ...-.-...,,-.

157 4429 217 4488 VH
245 4342 264 4411 1)
289 4363 316 4401 v.
342 4343 379 4402 de
401 4309 522 4414 'placitis
541 4344 733 4416 Hippocratis
762 4349 792 4403 et
809 4344 952 4414 Platonis
981 4361 1038 4402 rec.
1066 4343 1120 4402 lu.
1138 4343 1251 4403 lliiller

219 4476 225 4488 .
245 4449 273 4501 p.
293 4437 352 4489 597.
