3246 5252
868 519 910 582 58

337 707 456 791 possit
479 703 525 772 ad
548 703 732 774 infinitum
746 702 944 791 procedere,
968 701 1180 789 deniquead
1203 707 1312 786 πρῶτον
1337 700 1435 788 quod

339 808 468 878 dicitur
491 806 574 894 φίλον
591 811 786 894 pervenire,
812 830 881 894 quo
897 811 1013 877 omnis
1039 829 1138 877 amor
1155 813 1263 892 atque
1277 809 1436 893 amicitia.

339 913 484 982 redeant
529 916 656 998 cuique
702 916 766 980 uni
811 933 933 980 revera
971 915 1076 981 amici
1114 914 1237 980 simus.
1294 909 1435 978 Deinde

339 1016 476 1086 maium
535 1038 681 1084 causam
737 1039 815 1084 esse
875 1019 1051 1085 amicitiae
1104 1016 1293 1094 refutavit,
1351 1037 1434 1082 cum

338 1122 444 1190 maiis
470 1120 623 1190 sublatis
648 1113 868 1209 cupiditates
880 1129 1011 1197 tamen,
1035 1143 1126 1207 quae
1149 1141 1214 1188 neo
1230 1123 1345 1190 bonae
1368 1140 1434 1186 nee

313 1277 316 1286 .
339 1225 455 1294 maiae
473 1228 556 1303 sint,
573 1233 781 1294 remaneant
796 1225 948 1312 ideoque
964 1224 1152 1294 nonnullis
1169 1227 1275 1294 rebus
1293 1244 1434 1312 semper

340 1333 445 1398 amici
474 1333 597 1397 simus
666 1329 749 1399 Non
784 1333 893 1413 igitur
927 1329 1066 1398 malum
1101 1329 1166 1397 sed
1199 1326 1434 1416 cupiditatem

339 1456 488 1502 causam
523 1455 600 1502 esse
634 1436 765 1501 amoris
794 1433 852 1502 vel
886 1437 1070 1502 amicitiae.
1120 1433 1190 1515 Qui
1219 1456 1302 1502 vero
1335 1436 1436 1519 eupit

341 1537 489 1624 aliquid,
524 1537 560 1606 id
593 1540 737 1623 appetit,
774 1536 869 1624 quod
905 1539 974 1607 sibi
999 1537 1099 1606 deest
1132 1541 1152 1606 i.
1179 1559 1205 1605 e.
1237 1536 1332 1624 quod
1364 1538 1437 1606 sibi

338 1645 524 1732 proprium
549 1649 611 1709 est.
657 1642 753 1726 Ergo
771 1645 929 1710 amicitia
943 1646 1063 1729 posita
1086 1650 1140 1710 est
1163 1645 1200 1711 in
1216 1645 1434 1729 proprietate

339 1753 471 1814 natura
493 1745 701 1814 hominibus
726 1749 844 1824 insita.
869 1768 1018 1833 eamque
1042 1750 1086 1817 ob
1112 1769 1185 1816 rem
1201 1769 1282 1814 vere
1307 1767 1432 1814 amans

340 1851 386 1918 ab
412 1859 528 1918 amato
554 1871 697 1918 necesse
721 1859 775 1918 est
798 1851 1006 1944 redametur.
1020 1854 1047 1934 ¹)

430 1954 497 2023 Sed
530 1955 623 2022 hanc
659 1977 800 2042 quoque
840 1955 1084 2025 definitionem
1119 1955 1224 2024 Plato
1260 1958 1434 2024 intactam

341 2081 416 2126 non
450 2058 601 2144 reliquit.
654 2058 726 2144 Cur
758 2059 1000 2148 philosophus
1035 2083 1124 2139 eam,
1160 2081 1249 2146 quae
1278 2059 1435 2129 multum

341 2184 425 2249 prae
460 2184 498 2230 se
520 2162 587 2230 fert
609 2163 885 2249 probabilitatis,
920 2164 1101 2233 Socratem
1136 2164 1252 2232 denuo
1288 2167 1433 2250 impug-

342 2274 488 2335 nantem
511 2267 641 2345 fecerit,
671 2271 785 2354 primo
812 2270 941 2337 obtutu
975 2269 1119 2338 difficile
1150 2268 1291 2338 videtur
1316 2267 1431 2354 expli-

341 2378 434 2473 catu.
482 2371 605 2457 Neque
630 2371 779 2442 dubium
804 2379 872 2454 est
899 2378 985 2460 quin
1010 2395 1100 2460 quae
1124 2372 1287 2443 Socrates
1311 2395 1344 2459 p.
1370 2377 1433 2440 221

343 2473 515 2562 disputat,
538 2476 768 2563 cupiditatem
786 2482 889 2563 quasi
912 2479 1047 2548 fontem
1072 2499 1149 2545 esse
1167 2481 1283 2547 omnis
1302 2480 1435 2545 amoris

344 2587 378 2647 et
412 2583 600 2660 amicitiae,
634 2603 718 2649 vera
751 2583 915 2651 Platonis
959 2585 1137 2650 sententia
1167 2581 1283 2650 fucrit.
1340 2582 1435 2650 Nam

341 2705 431 2770 quae
456 2706 477 2751 a
501 2682 643 2753 Socrate
678 2689 716 2754 in
745 2686 855 2757 Cone
892 2711 924 2774 p.
951 2694 1015 2757 200
1039 2709 1113 2774 sqq.
1151 2689 1314 2773 exposita
1349 2693 1436 2753 sunt

325 2796 478 2858 ¹tantam
502 2810 584 2858 cum
607 2791 665 2858 his
689 2792 825 2860 habent
848 2791 1132 2866 similitudinem,
1157 2797 1197 2859 ut
1215 2793 1435 2874 argumentis

340 2915 414 2961 non
438 2897 509 2962 iam
534 2916 624 2980 opus
649 2916 726 2963 esse
750 2895 921 2964 videatur.
971 2896 1088 2964 Simul
1117 2904 1237 2963 autem
1271 2916 1315 2962 ex
1338 2894 1437 2984 Con·

340 2999 438 3065 rivio
452 2997 704 3081 intellegimus,
730 2999 974 3070 definitionem
995 3001 1108 3078 illam,
1132 3021 1175 3068 ex
1192 3020 1262 3087 qua
1278 3001 1436 3067 amicitia

339 3105 459 3188 posita
484 3105 531 3169 sit
555 3106 591 3170 in
615 3107 842 3189 proprietate,
866 3105 959 3173 nihil
983 3091 1172 3196 commune
1195 3104 1327 3172 habere
1352 3123 1434 3170 cum

340 3209 498 3291 genuina
529 3206 693 3276 Platonis
737 3207 906 3278 doctrina.
971 3209 1093 3295 Neque
1124 3211 1219 3276 enim
1254 3205 1432 3293 cupiditas

341 3315 476 3398 proprii
522 3314 697 3380 amicitiae
737 3334 844 3380 causa
894 3321 948 3382 est
999 3313 1062 3382 sed
1107 3311 1285 3400 cupiditas
1331 3313 1433 3380 boni:

340 3439 373 3484 V.
408 3439 441 3502 p.
478 3421 541 3484 205
576 3417 617 3483 D.
675 3413 752 3479 οὕτω
786 3415 877 3479 τοίνυν
912 3413 961 3479 καὶ
995 3416 1059 3502 περὶ
1091 3418 1139 3481 τὸν
1171 3417 1282 3502 ἔρωτα·
1316 3415 1347 3478 τὸ
1383 3413 1435 3498 μὲν

333 3519 502 3605 ’κεφάλαιόν
527 3523 586 3583 ἐστι
602 3526 682 3584 aeica
706 3517 724 3604 ἥ
748 3527 802 3584 τῶν
818 3519 935 3604 ἀγαθῶν
952 3520 1089 3606 ἐπιθυμία
1112 3518 1161 3584 καὶ
1184 3527 1235 3584 τοῦ
1252 3519 1435 3603 εὐδαιμονεῖν

340 3623 357 3687 ὁ
382 3624 513 3708 piperi&
543 3649 575 3688 τε
603 3623 652 3688 καὶ
676 3627 793 3711 δολερὸς
821 3624 895 3710 ἔρως
929 3625 1021 3689 παντί.
1068 3625 1189 3694 Oritur
1212 3626 1299 3694 haee
1332 3625 1432 3710 eupi-

341 3727 898 3809 (111119)1110111111011010111111,
933 3751 1023 3816 quae
1053 3733 1165 3798 animi
1196 3733 1321 3806 nostri,
1353 3749 1434 3797 eum

342 3831 428 3900 011111
453 3836 490 3900 in
514 3833 659 3902 caelesti
676 3834 822 3904 deorum
839 3839 1017 3904 consortio
1036 3841 1146 3914 erant,
1171 3821 1431 3920 spectaverunt.

340 3935 500 4004 Maxime
518 3941 677 4006 omnium
695 3939 883 4006 hominum
900 3938 1182 4025 pulchritudinis
1199 3942 1237 4007 in
1254 3941 1435 4025 superiore

342 4042 417 4107 rita
440 4051 650 4127 conspectae
666 4041 895 4110 recordantur
911 4043 1122 4131 philosophi
1146 4052 1180 4112 et
1196 4042 1318 4111 divino
1345 4062 1433 4127 quo-

341 4143 425 4211 dam
450 4148 578 4232 spiritu
603 4149 729 4230 agitati
752 4169 830 4215 eam
855 4170 993 4235 semper
1025 4151 1158 4234 ubique
1188 4154 1432 4235 persecuntur.

432 4369 450 4438 ¹)
470 4369 646 4440 11211111.
666 4376 718 4429 ars
732 4371 753 4430 0
767 4402 794 4411 -
808 4374 904 4431 aare.

429 4457 449 4524 ²)
469 4475 495 4514 v.
515 4456 640 4516 Phaedr.
659 4477 687 4529 p.
706 4463 851 4516 241-257.
