3246 5252
683 577 723 640 21

155 763 209 830 ad·
234 762 478 832 antecedentia
509 764 618 831 verba
647 751 870 831 referendum
905 765 966 843 sit,
1002 785 1117 850 neque
1148 762 1251 832 docet

154 867 286 955 Syrus,
317 869 437 937 omnia
460 874 599 952 praeter
631 869 788 933 animam
814 873 1073 952 postmortem
1107 867 1154 936 ad
1189 889 1248 938 co-

155 979 269 1058 gnata
292 970 468 1040 elementa
491 970 614 1050 redire,
650 971 727 1039 sed
750 977 950 1056 apertum
986 994 1094 1050 esse,
1131 977 1251 1041 omnia

159 1097 249 1162 quae
273 1079 430 1162 corporis
465 1078 563 1170 sint,¹
583 1075 653 1161 πρὸς
686 1075 718 1138 τὸ
743 1073 890 1160 ὁμόφυλον
924 1080 1062 1154 reverti„
1098 1099 1170 1146 una
1205 1076 1261 1145 de

157 1183 279 1249 anima
314 1187 355 1248 ut
389 1179 434 1247 ad
466 1186 600 1248 certum
635 1179 744 1249 finem
778 1184 1028 1266 perveniamus
1064 1181 1141 1250 fieri
1176 1204 1249 1251 non

157 1307 276 1372 posse,
301 1288 535 1372 quippequae
559 1305 739 1370 nusquam
764 1284 877 1354 oculis
891 1293 1062 1354 cernatur.
1101 1285 1249 1356 Accedit
1299 1314 1301 1319 ¹

160 1388 257 1475 quod
279 1388 381 1457 locus
420 1391 567 1456 minime
600 1388 928 1472 eiusdemgeneris
964 1397 1038 1458 est..
1072 1391 1166 1457 Nam
1199 1392 1252 1460 ibi

160 1492 203 1561 de
226 1492 330 1560 nulla
359 1515 395 1560 re
430 1496 502 1561 nisi
537 1491 579 1560 de
613 1492 880 1562 immortalitate
911 1497 1022 1564 animi
1051 1494 1249 1574 disseritur,

160 1602 198 1670 in
220 1599 288 1667 hoc
313 1601 432 1684 capite¹
452 1605 570 1665 autem
587 1618 715 1683 corpus
743 1599 944 1666 humanum
968 1597 1146 1685 siquidem
1172 1601 1248 1666 ani·
1333 1655 1335 1662 ,

159 1709 297 1772 matum
321 1710 385 1780 est,
410 1705 517 1770 etiam
535 1722 663 1788 eorpus
680 1700 857 1782 universi,
882 1709 922 1770 ut
946 1706 995 1770 ita
1019 1702 1146 1781 dicam,
1172 1706 1248 1770 ani-

157 1828 254 1874 mam
277 1806 409 1875 habeat
431 1828 575 1878 necesse
599 1828 676 1875 esse
701 1799 974 1875 demonstratur.

245 1911 386 1980 Restat.
407 1915 584 1996 quaestio,
630 1910 808 1997 quomodo
849 1909 1060 1997 explicanda
1101 1917 1148 1980 sit
1185 1911 1251 1978 illa
1356 1989 1358 1996 y

158 2015 417 2101 Xenophontis
451 2032 531 2084 cum
557 2014 687 2083 Stoicis
713 2015 922 2084 similitudo.
970 2015 1158 2085 Krohnius
1182 2019 1249 2084 mi-

158 2121 265 2188 rabili
290 2123 351 2207 qui
382 2127 499 2188 exstat
522 2122 614 2188 inter
636 2120 733 2188 hunc
767 2119 887 2188 locum
920 2129 954 2188 et
985 2120 1165 2190 Ciceronis
1197 2119 1250 2198 ,do

155 2231 290 2292 natura
313 2223 472 2293 deorum‘
483 2225 510 2307 ¹)
536 2245 714 2292 consensu
746 2223 920 2292 adductus
939 2232 1117 2294 auctorem
1141 2225 1250 2292 huius

161 2331 287 2415 capitis
313 2327 514 2398 Stoicorum
532 2331 727 2416 opiniones
764 2329 974 2397 adhibuisse
1009 2328 1252 2397 demonstrare

160 2441 309 2501 conatus
331 2441 401 2512 est;
425 2455 489 2501 nec
512 2436 805 2519 veroquisquam
831 2435 900 2501 sibi
914 2432 1157 2519 persuadebit,
1180 2432 1252 2504 tale

160 2537 247 2624 quid
271 2560 356 2606 casu
380 2536 513 2606 factum
537 2559 624 2616 esse,
660 2559 741 2605 cum
766 2540 886 2606 omnia
909 2537 979 2605 fere
1001 2537 1135 2623 placita
1159 2558 1249 2623 quae

161 2642 324 2713 Socrates
359 2642 511 2729 profert,
558 2664 578 2710 a
615 2642 783 2713 Cicerone
826 2641 956 2710 Stoicis
1000 2643 1249 2710 attribuantur.

158 2741 233 2816 Sed
258 2747 462 2816 aKrohnio
481 2747 685 2835 discrepans
709 2746 806 2814 hunc
830 2768 1044 2814 consensum
1068 2749 1119 2813 ita
1135 2745 1249 2834 expli-

159 2851 316 2920 candum
350 2873 428 2918 esse
463 2871 600 2931 censeo,
633 2857 673 2918 ut
697 2849 808 2919 Stoici
830 2849 896 2929 illi,
930 2872 1019 2937 quos
1045 2849 1163 2917 Oicero
1188 2871 1250 2917 ex-

157 2958 315 3042 scripsit,
339 2957 432 3024 hano
453 2955 651 3024 doctrinam
676 2977 719 3023 ex
743 2957 1005 3024 commentariis
1031 2957 1252 3039 sumpserint

160 3059 221 3128 vel
244 3060 372 3128 iisdem
396 3063 601 3130 auctoribus
626 3068 732 3146 atque
751 3059 936 3146 Xenopho
962 3061 1019 3134 usi
1043 3061 1124 3126 sint.
1174 3057 1251 3126 Sci-

159 3187 243 3232 mus
279 3168 386 3243 enim,
421 3165 600 3233 Zenonem
644 3170 679 3232 et
717 3166 907 3251 praecipue
942 3161 1140 3249 discipulos
1165 3167 1251 3241 eius,

161 3269 362 3337 Persaeum
379 3276 414 3337 et
437 3269 659 3348 Cleanthem,
683 3269 964 3355 Xenophontem
993 3269 1152 3336 imitatos
1177 3289 1253 3335 esse

162 3375 348 3461 multaque
379 3397 422 3442 ox
452 3378 528 3443 eius
551 3373 654 3443 libris
687 3372 731 3440 ad
756 3394 859 3441 suam
883 3371 1112 3457 disciplinam
1135 3380 1252 3440 trans-

164 3478 301 3547 tulisse.
359 3477 577 3547 Luculenter
608 3484 714 3564 atque
745 3480 887 3564 copiose
921 3475 963 3544 de
998 3476 1066 3542 hac
1100 3498 1136 3543 re
1170 3476 1252 3544 Hir-

166 3582 279 3651 zelius
294 3583 321 3666 2)
347 3583 556 3671 disputavit,
585 3590 718 3650 utnon
747 3603 837 3668 opus
862 3585 919 3660 sit,
950 3585 1070 3648 omnia
1092 3583 1278 3664 vestigia·

164 3689 228 3756 ubi
252 3687 361 3757 Stoici
390 3687 681 3774 Xenophontem·
706 3689 882 3772 persecuti
918 3688 1001 3780 sint,
1035 3688 1164 3754 iterum
1198 3705 1254 3752 me

165 3813 349 3879 exponere.
415 3792 538 3866 Unum
561 3791 668 3859 liceat
685 3790 829 3860 adferre.
853 3813 924 3877 quo
946 3793 1140 3858 certissime
1157 3810 1253 3855 com-

162 3899 307 3986 probari
330 3898 421 3966 mihi
445 3897 596 3977 videtur,
632 3897 700 3964 hoc
729 3883 837 3981 caput
866 3917 940 3963 non
963 3916 984 3962 a
1007 3893 1136 3962 Stoicis
1162 3891 1253 3960 deri-

164 4009 288 4070 vatum
320 4023 407 4070 esse.
454 4002 606 4071 Constat
633 4000 815 4070 Zenonem
851 3998 975 4067 eodem
1009 3997 1115 4067 modo
1149 4004 1255 4083 atque

161 4105 443 4193 Xenophontem
478 4105 653 4181 docuisse,
683 4103 858 4173 mundum
885 4107 1083 4173 animatum
1113 4123 1190 4168 esse
1222 4108 1256 4168 et
1345 4091 1350 4096 ’

162 4212 203 4278 vi
228 4231 267 4276 ac
289 4213 427 4279 ratione
450 4212 656 4294 gubernari;
681 4208 743 4277 sed
768 4231 848 4276 cum
866 4209 925 4276 hic
947 4211 1120 4275 rationem
1145 4204 1253 4272 adeo

252 4454 260 4482 1

252 4451 272 4608 'a
289 4453 561 4609 dnlarsbddudadl
572 4558 609 4596 zu
620 4537 750 4598 Cicero’s
760 4536 867 4606 philos.
879 4535 1031 4595 Schriften
1049 4533 1089 4590 ΙΙ.
1105 4551 1133 4604 p.
1146 4540 1178 4590 til
1190 4551 1258 4602 sqq.
