3246 5252
606 540 715 604 ·l9

144 727 367 812 tentiamque
392 746 495 794 suam
520 726 644 795 multis
680 735 714 794 et
743 727 916 808 gravibus
947 719 1166 808 argumentis
1191 727 1242 792 ita

148 829 384 908 confirmavit,
418 836 460 898 ut
493 829 536 899 de
570 831 638 906 hac
672 852 708 898 re
739 829 987 917 disputatione
1012 828 1241 915 supersedere

145 955 295 1020 possim.
498 1021 500 1025 Ι

228 1038 319 1107 uam
342 1061 424 1107 vero
449 1038 494 1107 ad
519 1039 670 1108 alterum
686 1037 842 1107 Krohnii
866 1031 1120 1122 argumentum
1142 1047 1240 1107 tran-

148 1165 303 1223 seamus,
339 1165 409 1230 quo
433 1147 622 1230 praecipue
655 1147 687 1212 ei
711 1143 936 1230 comprobari
966 1141 1118 1222 videtur,
1154 1143 1243 1210 haec

148 1249 258 1318 verba
292 1246 494 1316 adulterina
529 1270 617 1328 esse,
674 1247 869 1316 Contendit
912 1250 1026 1326 enim,
1064 1254 1243 1315 auctorem

150 1353 260 1421 huius
296 1355 423 1438 capitis
461 1352 506 1420 ad
542 1353 811 1446 Clitophontem
850 1350 1034 1436 dialogum
1074 1357 1243 1437 spectare,

149 1479 255 1544 quem
307 1456 525 1525 a.Platone
578 1456 735 1526 alienum
789 1466 824 1525 et
878 1456 992 1524 multo
1038 1461 1123 1541 post
1167 1458 1242 1522 eius

149 1569 302 1632 aetatem
329 1563 502 1647 scriptum
533 1582 613 1642 pesse
652 1569 798 1630 constet.
861 1559 931 1629 Sed
969 1563 1007 1628 in
1041 1560 1109 1627 hac
1153 1580 1258 1652 quo-¹

149 1688 219 1754 que
243 1669 421 1735 sententia
443 1665 551 1750 longe
576 1667 618 1735 ab
650 1688 690 1734 eo
722 1665 905 1734 dissentio.
954 1664 1048 1733 Sane
1079 1664 1244 1746 concedo,

150 1773 247 1840 hunc
272 1770 468 1854 dialogum,
500 1775 552 1839 ita
582 1778 621 1838 ut
644 1769 797 1838 traditus
823 1780 887 1848 est,
910 1792 1057 1857 prorsus
1082 1766 1245 1852 intellegi

150 1899 225 1947 non
246 1897 372 1962 posse;
404 1867 524 1942 tamen
547 1875 616 1944 hoc
640 1874 742 1942 facile
767 1874 965 1961 explicatur
988 1881 1022 1943 et
1046 1880 1245 1952 excusatur,

152 1980 249 2068 quod
273 2002 354 2048 eum
377 1977 571 2066 perfectum
595 2002 669 2048 non
693 2001 770 2049 esse
792 1983 909 2067 primo
935 1982 1064 2048 obtutu
1088 1985 1242 2066 apparet.

149 2085 338 2154 Praeterea
360 2091 437 2152 tota
462 2104 551 2169 quae
583 2086 678 2151 inest
701 2085 786 2152 huic
810 2083 952 2168 dialogo
978 2085 1068 2150 ratio
1100 2088 1135 2149 et
1158 2085 1243 2148 scri-

152 2189 263 2258 bendi
286 2189 463 2272 elegantia
481 2186 698 2273 subtilisque
721 2191 837 2256 irrisio
854 2194 1040 2274 tantopere
1056 2185 1247 2254 Platonem

150 2294 321 2382 produnt,
345 2301 386 2360 ut
409 2314 490 2359 eum
511 2296 674 2378 spurium
698 2315 775 2361 esse
800 2291 901 2361 nullo
921 2290 1027 2361 modo
1052 2291 1143 2359 mihi
1165 2312 1245 2377 per-

121 2453 124 2459 ,
153 2399 302 2469 suadere
325 2400 473 2485 possim,
508 2399 616 2465 immo
651 2400 771 2465 omnia
804 2391 888 2465 huic
923 2399 1085 2482 opinioni
1115 2398 1245 2482 repug-

153 2524 238 2572 nare
261 2499 542 2572 mihi'videntur
573 2508 607 2569 et
638 2504 813 2588 imprimis
849 2499 913 2569 illa
936 2501 1046 2569 huius
1072 2502 1247 2587 sermonis

153 2631 235 2678 cum
265 2605 496 2693 Euthydemo
532 2604 781 2689 similitudo.¹)
839 2607 881 2675 In
916 2612 1066 2691 utroque
1103 2603 1246 2688 dialogo

154 2712 209 2783 illi
233 2711 447 2792 deridentur,
483 2714 544 2798 qui
568 2731 786 2797 quamquam
821 2733 858 2779 se
888 2711 1054 2780 homines
1094 2708 1140 2776 ad
1174 2711 1245 2776 vir-

153 2826 268 2886 tutem
292 2816 473 2884 adhortari
488 2837 595 2902 posse
607 2836 691 2900 prae
715 2837 752 2883 se
765 2815 894 2894 ferunt,
917 2823 1038 2884 tamen
1052 2835 1097 2882 ne
1115 2819 1249 2881 norunt

156 2922 300 3009 quidem
328 2923 526 2998 scientiam,
562 2941 652 3007 quae
686 2923 813 2988 virtuti
839 2923 983 3006 optime
1012 2941 1072 2987 eos
1103 2918 1250 2986 edoceat

155 3025 341 3094 consulere
377 3032 411 3092 11
434 3025 639 3094 felicitatem
664 3024 824 3111 adipisci.
873 3023 989 3104 Quam
1022 3025 1067 3094 ob
1096 3045 1170 3091 rem
1193 3044 1249 3090 me

154 3153 228 3200 non
251 3129 373 3198 ludere
398 3131 549 3209 credam,
581 3133 612 3198 si
643 3133 681 3197 in
706 3129 938 3216 Clitophonte
962 3132 1069 3198 etiam
1094 3128 1249 3215 Cynicos

154 3238 283 3322 respici
317 3238 501 3314 coniciam,
535 3237 743 3321 praesertim
779 3254 860 3302 cum
890 3233 1112 3317 Kunertus2)
1145 3232 1250 3302 illum

156 3339 311 3430 Socratis
346 3338 565 3425 discipulum
601 3342 662 3426 qui
695 3340 871 3408 iustitiam
902 3360 979 3407 esse
1003 3335 1102 3424 φιλίαν
1130 3339 1160 3401 ἐν
1189 3339 1250 3409 ταῖς

155 3443 259 3508 πόλεσι
273 3445 364 3518 ποιεῖν
384 3450 566 3524 statueret,
590 3443 846 3512 Antisthenem
869 3441 1154 3528 intellegendum
1173 3463 1250 3510 esse

155 3548 256 3618 haud
278 3548 372 3617 male
398 3552 568 3636 opinatus
594 3551 649 3616 sit.

142 3832 147 3839 ·
244 3811 265 3879 ¹)
301 3829 328 3871 v.
366 3809 459 3869 Diels.
515 3807 758 3876 Abhandlungen
794 3807 821 3886 d.
857 3806 993 3866 Berliner
1026 3807 1119 3866 Acad.
1148 3805 1176 3863 d.
1203 3804 1250 3862 W.

157 3898 231 3970 phil.
252 3899 322 3956 hist.
344 3897 387 3956 el.
418 3900 602 3966 18811123.
1001 3923 1004 3930 »

244 3986 264 4056 ⁹.)
284 3987 438 4044 Kunertus
456 3984 488 4042 ll.
508 4000 690 4054 quamquam
708 3980 920 4039 Antisthenem
944 3981 1062 4050 respici·
1082 3980 1249 4049 arbitratur,

157 4074 356 4133 tamen-hune
381 4072 533 4141 dialogum
552 4069 688 4139 spurium
706 4085 772 4126 esse
800 4067 961 4125 contendit.
1000 4065 1059 4126 Sed
1078 4071 1252 4134 argumenta

157 4179 235 4232 quae
261 4161 374 4231 profert
392 4175 514 4229 prorsus
541 4175 600 4215 non
620 4161 689 4226 apta
717 4154 792 4212 mihi
809 4153 959 4222 ridentur,
987 4171 1063 4223 quae
1081 4153 1167 4211 nobis
1186 4170 1252 4222 per-

158 4249 282 4308 suadere
300 4247 425 4318 possint.
462 4245 554 4304 Illum
572 4248 723 4316 praeterea
749 4241 830 4299 haud
857 4240 961 4311 paucis
979 4239 1053 4298 locis
1072 4257 1252 4310 magnopere
1288 4275 1290 4279 ι

156 4353 272 4394 errasse
300 4333 546 4394 Schlottmannus
574 4334 632 4401 (ars
661 4330 847 4398 dialogorum
875 4326 1149 4397 componendorum
1177 4344 1252 4396 quas

156 4421 385 4480 vicissitudines
410 4420 490 4490 apud
519 4418 647 4478 Graecos
675 4423 705 4476 et
732 4417 883 4476 Romanos
912 4414 1045 4482 subierit,
1070 4414 1153 4472 Rost.
1174 4416 1251 4479 1889)

158 4513 240 4568 recte
258 4507 481 4567 demonstravit·

1010 4607 1044 4662 2*
