3246 5252
852 563 894 626 44

254 793 256 798 -
328 753 389 836 qui
425 753 584 818 omnium
616 753 741 836 optimi
772 748 961 818 ducantur:
998 747 1072 833 ἔγνω
1109 749 1172 836 γὰρ,
1202 745 1245 811 ὅτι
1273 753 1309 834 τῇ·
1337 746 1424 834 μητρὶ

327 852 492 937 συνεγένετο
520 851 569 946 καὶ
600 854 702 926 παῖδές
732 855 802 916 εἰσιν
827 851 906 938 αὐτῷ
937 855 965 926 ἐξ
989 852 1100 938 ἐκείνης
1124 903 1130 917 .
1153 903 1159 918 .
1183 903 1189 917 .
1224 859 1335 938 πρῶτον
1369 852 1422 938 μὲν

327 961 412 1021 πᾶσιν
436 955 572 1041 ἐποίησεν
594 957 728 1044 φανερόν,
757 957 858 1022 ἔπειτα
882 956 1039 1042 ἠγανάκτει
1063 955 1111 1024 καὶ
1135 955 1207 1043 ἐβόα
1230 956 1355 1042 ρεγαίλα,
1379 954 1424 1022 ότι

326 1085 380 1125 των
404 1060 496 1125 αὐτῶν
519 1060 614 1148 πατήρ
639 1060 764 1126 ἐστικαὶ
788 1061 914 1148 ἀδελφός
937 1059 987 1125 καὶ
1010 1067 1060 1145 τῆς
1085 1060 1174 1145 αὐτῆς
1190 1061 1324 1146 γυναικὸς
1348 1060 1422 1147 ἀνὴρ

326 1164 375 1231 καὶ
399 1165 468 1238 υἱός.
513 1165 540 1230 οἱ
563 1165 596 1228 δὲ
619 1164 808 1252 ἀλεκτρυόνες
836 1165 890 1231 οὐκ
913 1165 1128 1251 ἀγανακτοῦσιν,
1147 1163 1194 1230 ἐπὶ
1217 1166 1330 1238 τοότοις
1353 1164 1423 1231 οὐδὲ

326 1271 354 1335 οἱ
377 1270 460 1342 κόνες
483 1267 551 1334 οὐδὲ
574 1275 629 1333 τῶν
652 1266 725 1333 ’όνων
748 1268 843 1343 οὐδεὶς
866 1268 934 1334 οὐδὲ
958 1270 985 1334 oi
1009 1271 1128 1356 Πέρσαι.
1139 1271 1162 1350 1)

844 1621 907 1698 ΠΙ.

415 1775 474 1842 Ad
508 1779 677 1844 virtutem
712 1776 980 1864 adipiscendam
1015 1775 1252 1862 Xenophonti
1290 1775 1422 1842 summi

328 1883 501 1948 momenti
532 1887 597 1960 est,
633 1879 729 1967 quod
752 1883 916 1950 homines
949 1883 1208 1952 continentiam
1237 1884 1420 1966 expetunt,

328 1983 425 2070 quod
451 1988 566 2053 omnis
597 1988 742 2054 virtutis
767 2006 807 2052 ac
838 1986 1020 2056 felicitatis
1044 1985 1318 2054 fundamentum
1343 2001 1420 2049 esso

330 2090 532 2157 arbitratur.
578 2091 712 2158 Iterum
742 2092 940 2177 iterumque
966 2091 1147 2162 Socratem
1175 2083 1420 2174 disputantem

329 2193 423 2272 facit,
458 2195 624 2263 homines
664 2195 768 2266 nulla
802 2217 838 2263 re
872 2200 942 2266 nisi
977 2198 1199 2264 continentia
1232 2191 1278 2259 ad
1300 2211 1421 2258 veram

328 2300 529 2367 animorum
564 2299 766 2370 libertatem
800 2301 947 2389 perduci
980 2323 1097 2388 posse.
1143 2297 1220 2366 Hac
1250 2294 1421 2364 libidines

327 2407 478 2471 coerceri
514 2425 644 2490 easque
683 2408 750 2475 sub
788 2414 1002 2493 potestatem
1026 2407 1177 2473 rationis
1206 2400 1329 2485 redigi,
1353 2399 1422 2466 hac

329 2505 431 2586 effici,
455 2515 496 2575 ut
520 2531 642 2577 omnes
658 2508 800 2578 labores
816 2511 970 2579 libenter
987 2512 1228 2596 suscipiamus
1253 2526 1292 2573 ac
1308 2507 1421 2572 vitam

326 2615 459 2698 optime
483 2611 758 2698 felicissimeque
783 2614 963 2699 degamus.
1354 2628 1356 2633 ’

414 2716 601 2786 Krohnius
618 2724 731 2787 totam
749 2719 792 2787 de
805 2721 1026 2788 continentia
1044 2718 1243 2787 doctrinam
1257 2737 1278 2782 a
1293 2714 1418 2782 Xeno—

230 2843 232 2848 ’
325 2821 461 2906 phonte
493 2821 725 2902 abiudicavit,
759 2827 935 2911 imprimis
961 2828 1068 2892 nixus
1101 2826 1139 2890 in
1173 2820 1237 2888 illo
1263 2819 1420 2887 Socratis

327 2923 433 3003 dicto,
468 2925 519 3009 τὴν
544 2925 713 3010 ἐγκράτειαν
742 2927 847 3014 ἀρετῆς
871 2927 944 2991 εἶναι
967 2929 1103 3012 κρηπῖδα,
1140 2924 1237 3011 quod
1259 2943 1420 3010 pugnare

329 3029 400 3098 sibi
423 3027 584 3112 fingebat
607 3053 688 3100 cum
711 3037 869 3118 genuina
893 3036 969 3101 eius
987 3033 1175 3107 sententia,
1199 3049 1289 3116 quae
1313 3029 1420 3096 nobis

327 3141 470 3200 servata
504 3142 598 3201 esset
630 3136 683 3204 ΙΙΙ
716 3145 747 3218 9,
782 3145 811 3206 4.
870 3136 973 3223 σοφίαν
1012 3135 1044 3200 δὲ
1078 3133 1126 3198 καὶ
1162 3131 1350 3220 σωφροσύνην
1385 3130 1421 3196 οὐ

326 3236 465 3322 διώριζεν,
489 3236 566 3301 ἀλλὰ
590 3245 630 3324 τῷ
649 3240 684 3303 τοὶ
709 3240 760 3324 μὲν
783 3239 861 3305 καλαί
884 3267 916 3305 τε
939 3240 1058 3324 κάγαθοὶ
1081 3238 1272 3324 γιγνώσκοντα
1289 3239 1422 3324 χρῆσθαι

327 3340 424 3413 αὐτοῖς
459 3339 508 3404 καὶ
543 3349 584 3427 τῷ
612 3344 647 3406 τοὶ
683 3345 791 3431 αἰσχρὰ
827 3346 925 3409 εἰδότα
961 3345 1150 3430 εὐλαβεῖσθαι
1185 3342 1274 3428 σοφόν
1305 3366 1337 3406 τε
1370 3337 1420 3403 καὶ

327 3445 462 3531 σώφρονα
486 3445 588 3532 ἔκρινε.
632 3449 689 3516 Ex
713 3471 782 3536 quo
806 3455 988 3537 consequi,
1018 3457 1059 3517 ut
1082 3453 1232 3517 scientia
1255 3446 1333 3516 sola
1354 3468 1420 3533 pro

326 3550 559 3620 fundamento
583 3556 727 3622 virtutis
751 3554 918 3622 habenda
941 3564 1042 3623 esset.

414 3654 484 3722 Sed
521 3657 665 3741 singula
700 3662 817 3745 capita
851 3663 889 3728 in
923 3663 1167 3746 quaestionem
1202 3676 1419 3726 revocemus.

325 3759 430 3828 Mem.
456 3761 474 3828 Ι
497 3766 527 3840 3,
559 3767 578 3829 8
608 3783 682 3848 sqq.
736 3763 898 3832 Socrates
933 3763 1131 3850 discipulos
1166 3765 1320 3846 graviter
1355 3758 1418 3827 ad-

327 3872 459 3938 monet,
494 3874 534 3932 ut
566 3886 587 3932 a
616 3871 773 3954 corporis
802 3869 1053 3956 voluptatibus
1093 3889 1170 3935 sese
1203 3869 1420 3942 abstineant,

328 3989 408 4035 cum
432 3967 508 4036 fieri
531 3991 604 4038 non
628 3976 754 4057 possit„
789 3980 829 4040 ut
853 3976 888 4051 ii,
924 3977 985 4059 qui
1009 3972 1083 4042 illis
1108 3975 1275 4048 serviant,
1308 3989 1420 4036 sanae

326 4074 456 4138 mentis
494 4075 576 4140 sint.
635 4074 820 4143 Krohnius
856 4099 1070 4164 magnopere
1114 4073 1278 4154 offendit,
1323 4070 1420 4159 quod

328 4175 461 4243 osculis
495 4185 596 4244 tanta
630 4182 685 4246 vis
720 4182 899 4258 tribuitur,
935 4203 1082 4267 eamque
1113 4182 1157 4249 ob
1193 4201 1266 4247 rem
1300 4185 1434 4246 totum.

326 4279 394 4347 hoc
419 4280 640 4367 colloquium
677 4285 870 4352 arbitratur
905 4287 948 4354 ab
978 4283 1231 4370 interpolatore
1263 4282 1419 4369 quodam

414 4504 433 4572 ¹)
453 4522 492 4560 or.
511 4503 539 4562 X
559 4523 587 4573 p.
608 4505 705 4563 305R.
