3246 5252
704 557 745 620 47

180 748 299 808 autem
338 742 452 810 virtus
498 740 653 826 pendeat
701 763 721 808 a
759 745 952 828 sapientia
984 733 1274 830 'Xenophontem

181 848 315 932 optimo
356 849 431 912 iure
478 866 555 912 eam
595 843 869 914 fundamentum
901 850 1045 915 virtutis
1091 847 1273 935 appellare

178 970 322 1018 necesse
353 960 407 1017 est
437 948 683 1018 concedamus.
730 947 839 1018 Recte
874 973 930 1019 me
960 949 1139 1019 iudicasse
1170 956 1274 1020 testis

180 1063 234 1122 est
256 1053 435 1140 Xenophc
461 1057 554 1140 ipse:
578 1054 684 1120 Mem.
702 1051 761 1120 IV.
788 1059 818 1132 ὁ,
844 1061 893 1122 11.
940 1053 1016 1120 ἀλλὰ
1040 1057 1098 1126 τοῖς
1122 1049 1274 1146 ἐγκρατέσι

180 1157 276 1242 μόνοις
299 1157 390 1231 ἔξεστι
413 1161 529 1221 σκοπεῖν
550 1158 585 1221 τοὶ
610 1157 746 1242 αράτῑοτα
769 1163 825 1221 coir
847 1158 1033 1244 πραγμάτων,
1057 1157 1105 1222 καὶ
1123 1158 1201 1244 λόγῳ
1218 1157 1275 1224 ,καὶ
1335 1214 1340 1226 .

179 1263 255 1348 ἔργῳ
279 1255 465 1346 διαλέγοντας
498 1251 574 1326 aurci
605 1262 673 1346 γένη
705 1261 740 1326 τοὶ
765 1261 816 1346 μὲν
848 1261 947 1346 ἀγαθοὶ
971 1255 1184 1350 προαιρεῖσθαι,
1218 1271 1274 1328 τῶν

179 1366 212 1432 δὲ
235 1373 329 1430 κακῶν
354 1365 530 1452 ἀπέχεσθαι,

266 1469 344 1552 Quo
368 1471 447 1540 loco
473 1469 635 1557 disputat
651 1471 813 1541 Socrates
839 1470 882 1538 de
897 1469 1063 1540 libertate
1087 1476 1270 1560 sapientis.

179 1576 463 1653 Demonstratur,
494 1597 614 1644 veram
636 1576 840 1655 libertatem
863 1578 1044 1662 impetrari
1067 1599 1141 1646 non
1164 1600 1273 1664 posse

179 1684 251 1748 nisi
275 1682 504 1760 continentia,
529 1685 660 1767 quippe
686 1702 776 1767 quae
795 1681 960 1748 homines
985 1680 1122 1760 doceat,
1147 1704 1271 1769 quem-

179 1784 372 1872 admodum
395 1786 493 1854 bona
516 1784 771 1872 adipiscantur,
795 1805 926 1870 eosque
949 1788 986 1852 iu
1004 1784 1102 1853 mala
1118 1786 1276 1856 incidere

113 1962 120 1982 ι
178 1889 377 1976 prohibeat.
424 1887 520 1955 Haec
537 1910 678 1975 quoque
698 1888 859 1958 doctrina
875 1895 1013 1974 spectat
1044 1889 1088 1957 ad
1106 1889 1297 1986 Cynicos„

180 1995 355 2080 aquibus
380 1993 492 2061 Stoici
526 2011 603 2061 earn
627 1999 834 2080 receperunt
869 2001 904 2060 et
935 1997 1049 2077 magis
1086 1998 1276 2082 magisque

180 2098 421 2167 excoluerunt.
470 2095 610 2165 Scimus
628 2098 883 2166 Antisthenenr
908 2100 1056 2184 eiusque
1074 2098 1276 2185 discipulos

180 2224 303 2270 omnes
326 2202 491 2269 homines
516 2201 683 2270 divisisse
706 2205 744 2270 in
767 2204 946 2288 sapientes
971 2209 1005 2269 et
1021 2201 1165 2274 stultos.
1189 2202 1284 2272 illos

180 2304 375 2375 admodum
391 2328 527 2392 paucos
545 2329 632 2387 esse,
657 2307 724 2374 hos
737 2306 923 2393 plurimos.
973 2305 1085 2374 Stulti
1102 2328 1155 2384 eo,
1180 2308 1276 2393 quod

179 2411 386 2497 voluptates
410 2421 661 2497 persecuntur,
695 2410 858 2479 libertate
888 2433 925 2478 se
960 2412 1106 2496 privant
1136 2412 1276 2497 sibique

179 2519 269 2603 ipsis
294 2525 474 2584 aeternam
505 2521 715 2585 servitutem
749 2517 956 2597 iniungunt,
989 2517 1171 2600 sapientes
1208 2515 1278 2584 soli

180 2620 285 2689 liberi
309 2629 405 2696 sunt,
441 2624 611 2705 quoniam
636 2622 756 2690 omnia
785 2621 880 2688 bona
911 2626 1147 2686 contemnunt
1183 2623 1278 2688 etin
1350 2641 1352 2648 ·

181 2725 321 2793 nullam
346 2747 418 2792 rem
435 2727 506 2793 nisi
522 2729 691 2793 uirtutem
711 2726 850 2791 animos
874 2721 1086 2790 intendunt:
1113 2743 1142 2791 v.
1162 2723 1277 2810 Epict.

143 2897 146 2904 ,
181 2829 318 2898 dissert.
344 2829 396 2897 ΙΠ
413 2833 465 2907 24,
490 2835 540 2896 67.
588 2831 616 2902 ἐξ
640 2823 674 2892 οδ
699 2826 725 2911 μ’
749 2825 930 2909 Ἀντισθένης
946 2825 1156 2912 ἠλευθέρωσεν,
1180 2827 1278 2918 odada

180 2934 355 2998 ἐδούλευσα
390 2937 448 3003 πῶς
471 2931 688 3019 ·ι’ρλεοδε’ρωαεν;
723 2930 835 3004 ἐδίδαξε
867 2956 904 3014 με
933 2929 969 2994 τοὶ
1002 2930 1058 3014 apd
1091 2929 1276 2996 anicularia

180 3038 247 3123 ἐμοί,
278 3043 337 3101 κτλ.
383 3037 424 3104 cf.
459 3041 567 3105 etiam
592 3037 684 3105 Crat.
721 3059 810 3105 vers
849 3058 902 3136 ap.
937 3034 1046 3103 Olem.
1080 3036 1276 3105 Alexandr.

166 3138 309 3212 ⁴Strom.
334 3143 424 3228 Hp.
449 3143 581 3226 etam
699 3224 702 3230 ἱ

340 3247 437 3332 ιἡδονῇ
460 3245 678 3332 ἀνδραποδώδει
702 3244 865 3309 ἀδούλωτοι
888 3240 938 3306 καὶ
961 3238 1110 3325 ἅκαμπτοι

340 3351 488 3437 ρἰθοὶνατον
512 3351 662 3436 βασιλείαν
686 3348 853 3434 ἐλευθερίαν
876 3345 897 3410 τ’
917 3345 1116 3430 οἷγαπιδοιν’.1)

268 3456 419 3524 Constat
452 3465 633 3548 praeterea
673 3464 786 3524 totam
823 3453 1039 3538 Cynicorum
1071 3450 1273 3521 ¹doctrinam

181 3565 336 3648 positam
362 3583 439 3628 esse
463 3565 500 3629 in
517 3564 746 3629 continentia.
793 3558 946 3626 Profecti
970 3557 1015 3626 ab
1042 3555 1110 3624 illo
1128 3556 1278 3643 placito:

183 3665 320 3752 tordroipaq
355 3665 406 3748 τὴν
443 3663 549 3749 ἀρετὴν
583 3665 654 3748 πρὸς
687 3661 881 3746 εὐδαιμονίαν,
917 3659 1040 3744 μηδενὸς
1071 3660 1211 3744 δεομένην
1235 3657 1278 3724 ὅτι

180 3770 220 3854 μὴ
245 3771 433 3854 Σωκρατικῆς
456 3768 575 3856 topici,
601 3793 640 3839 eo
657 3771 850 3855 praecipue
874 3765 1081 3833 felicitatem
1109 3787 1148 3831 se
1171 3763 1279 3850 adep-

182 3881 281 3943 turos
307 3896 384 3942 esse
410 3877 613 3962 sperabant,
638 3873 734 3962 quod
765 3870 933 3940 omnibus
965 3867 1218 3954 voluptatibus
1243 3890 1280 3935 se

181 3981 403 4048 abstinerent
446 3987 482 4046 et
521 4001 641 4048 earum
683 4000 820 4055 rerum,
868 3994 958 4059 quae
999 3971 1044 4039 ad
1086 3971 1280 4041 vivendum

270 4257 290 4324 ¹)
309 4275 337 4314 u.
365 4256 475 4313 librum
506 4259 567 4330 ιπερὶ
594 4247 639 4309 τοῦ
659 4252 744 4307 πάντα
766 4251 904 4304 σπουδαῖον
935 4249 1000 4302 εἶναι
1032 4245 1184 4322 ἐλεύθερον,
1222 4267 1282 4320 quo

182 4343 272 4400 simili
292 4343 416 4412 ratione,
437 4361 496 4412 qua
514 4343 594 4413 apud
612 4340 852 4410 Xenophontem,
873 4336 1105 4405 demonstratur,
1132 4353 1208 4405 eum,
1229 4335 1282 4405 qui

179 4429 387 4500 voluptatibus
419 4428 536 4499 serviat,
573 4428 700 4487 stultum
725 4444 799 4496 esse,
828 4424 993 4493 sapientem
1020 4439 1116 4478 unum
1143 4422 1280 4488 liberum,

180 4537 250 4577 cum
269 4515 471 4576 continentiae
489 4523 518 4573 ct
538 4515 642 4573 virtuti
664 4514 791 4572 studeat.
