3246 5252
720 553 762 616 29

194 743 285 818 525.
340 737 538 823 πρηϋνομένου
573 735 605 800 δέ
640 742 690 800 τοῶ
724 743 867 823 χειμῶνος
902 737 1063 823 ἀπέρχεται
1099 736 1114 800 θ
1148 734 1230 821 ἥλιος
1259 742 1289 811 ἐς

195 841 282 925 μέσον
305 842 353 904 τὸν
370 839 491 926 οὐρανὸν
507 839 609 916 ὀπίσω,
633 839 730 905 καὶτὸ
747 845 878 906 ἐντεῦθεν
894 837 951 926 ἤδη
968 840 1077 924 ὁμοίως
1098 840 1156 905 ἀπὸ
1173 842 1291 907 ποίντων

194 946 272 1010 ἕλκει
299 951 354 1008 τῶν
383 951 519 1030 ποταμῶν
547 994 583 1008 ..
608 997 613 1008 .
639 995 646 1008 .
676 943 765 1018 αἴτιος
796 945 829 1010 δέ
856 944 948 1017 ωὑτὸς
971 940 1053 1017 οὗτος
1076 947 1151 1010 κατὰ
1174 945 1292 1031 γνώμην

193 1051 244 1134 τήν
276 1049 349 1134 ἐμὴν
381 1047 431 1112 καὶ
461 1049 508 1113 τὸν
539 1047 615 1134 η’έρα
644 1050 727 1135 ξηρὸν
759 1052 807 1114 τὸν
837 1049 928 1134 ταύτῃ
958 1049 1039 1126 εἶναι,
1071 1048 1213 1125 διακαίων
1236 1051 1289 1134 την

194 1153 320 1226 διέξοδον
364 1155 483 1218 ἑωυτοῦ.
556 1177 587 1223 V.
635 1158 741 1224 etiam
776 1155 867 1223 Plai.
914 1155 1023 1240 Legg.
1070 1153 1121 1222 VI
1157 1161 1218 1224 767
1243 1155 1289 1234 C;

194 1257 267 1327 XII
290 1258 408 1326 9451).

281 1370 298 1440 ἓ
324 1369 373 1430 10.
424 1364 497 1426 πολὺ
530 1362 563 1426 δέ
597 1363 678 1446 γένος
712 1362 872 1449 α’νθρώπων
906 1365 964 1435 τοῖς
999 1362 1051 1447 μέν
1086 1365 1119 1426 ἐκ
1152 1369 1203 1446 τῆς
1236 1369 1291 1446 γης

194 1468 348 1554 φυομένοις
380 1468 420 1539 είς
450 1468 560 1553 τροφὴν
591 1466 625 1531 οὐ
656 1474 771 1554 χρῆται,
803 1467 862 1532 ἀπὸ
893 1467 926 1532 δέ
949 1467 1142 1552 βοσκημάτων
1165 1467 1289 1550 γάλακτι

193 1570 242 1635 καὶ
277 1577 353 1657 τυρῷ
383 1568 432 1634 καὶ
462 1571 564 1656 κρέασι
586 1573 758 1658 τρεφόμενοι
783 1577 864 1645 ζῶσι·
895 1572 999 1644 πάντες
1027 1571 1061 1635 δέ
1090 1571 1291 1644 τιθασεύοντες

194 1674 243 1740 καὶ
273 1675 450 1760 δαμάζοντες
481 1677 516 1738 τοὶ
545 1675 678 1762 χρήσιμοι
706 1682 760 1740 τῶν
792 1677 875 1762 ζῴων
906 1675 947 1748 είς
970 1701 1002 1740 τε
1025 1677 1154 1760 πόλεμον
1177 1675 1227 1740 καὶ
1250 1677 1291 1747 εἰς

195 1776 271 1844 ἄλλα
302 1781 396 1844 πολλὰ
432 1783 575 1866 συνεργοῖς
609 1787 742 1866 χρῶνται.
802 1781 1013 1850 Absurdum
1054 1789 1118 1861 est,
1154 1803 1197 1849 ex
1231 1781 1291 1848 his

195 1887 313 1954 verbis
339 1887 507 1962 oonioere,
531 1893 710 1955 auotorem
734 1886 819 1956 Pori
842 1893 877 1954 et
893 1886 1024 1972 Pyrrhi
1041 1885 1288 1972 expeditiones
1324 1945 1328 1952 .

196 1993 348 2057 novisse.
395 1989 488 2058 Nam
511 1999 553 2058 ut
569 1990 771 2069 oonoedum
795 1992 904 2059 verba
930 1987 977 2075 ιεἴς
1001 2014 1032 2078 τε
1055 1989 1189 2074 πόλεμον
1216 2013 1290 2058 non

196 2093 315 2164 solum
342 2093 386 2161 ad
410 2097 547 2179 equites
578 2093 640 2162 sed
665 2099 773 2162 etiam
802 2094 847 2162 od
871 2094 1083 2181 elephantos
1106 2094 1292 2164 referenda

198 2221 287 2272 esse,
311 2197 408 2284 quid,
433 2219 574 2284 quaero,
598 2221 664 2267 nos
682 2202 778 2284 cogit
802 2198 844 2266 de
861 2199 953 2268 Poro
970 2199 1028 2268 vel
1047 2199 1116 2270 alio
1136 2199 1292 2286 quodam

196 2305 376 2388 cogitare?
426 2302 555 2371 Nonne
570 2311 697 2371 notum
714 2312 768 2370 est
791 2302 906 2372 multo
932 2313 1014 2371 ante
1030 2305 1114 2372 Pori
1139 2311 1290 2372 aetatem

196 2407 304 2476 Indos
326 2407 529 2494 elephantis
555 2406 599 2474 od
618 2407 756 2476 bellum
777 2406 974 2492 gerendum
998 2431 1085 2476 usos
1108 2411 1207 2476 esse?
1245 2430 1289 2476 an

196 2511 390 2580 verisimile
425 2521 492 2591 est,
533 2513 824 2598 Xenophontem,
861 2516 922 2597 qui
960 2516 998 2582 in
1032 2523 1107 2606 arte
1141 2511 1304 2581 militari

196 2615 353 2686 muitum
390 2625 554 2685 versatus
597 2625 671 2685 erat
706 2621 741 2683 et
773 2616 971 2685 multarum
1005 2621 1167 2702 gentium
1204 2617 1290 2686 helii

164 2803 167 2811 Ι
197 2721 344 2806 gerendi
379 2724 537 2791 lotiones
571 2728 802 2804 cognoverat,
848 2721 957 2789 huius
979 2795 982 2800 ,
1001 2724 1050 2789 rei
1085 2724 1292 2808 imperitum

198 2825 330 2893 fuisse?
364 2824 437 2892 Vix
467 2824 617 2904 enodem,
646 2828 853 2912 praesertim
888 2846 968 2893 oum
1002 2825 1153 2904 Ctesias,
1189 2829 1293 2892 ouius

197 2929 309 2998 libros
350 2931 440 2998 hene
482 2937 653 3008 nouerat,
685 2928 809 2996 multis
845 2929 933 2996 loois
968 2937 1294 3008 commemorasset,

198 3055 296 3118 reges
320 3033 490 3102 indorum
526 3033 700 3120 plurimos
733 3033 945 3120 elephantos
981 3032 1032 3101 ad,
1057 3042 1224 3102 terrorem
1253 3038 1291 3101 in

197 3138 293 3208 bello
340 3139 588 3207 inoutiendum
634 3138 814 3225 praeclare
861 3146 1052 3207 exornatos
1100 3138 1290 3206 habuisse:

197 3265 228 3309 v.
255 3241 347 3310 Otos,
384 3241 446 3327 frg.
485 3263 539 3329 ap.
563 3241 704 3310 Mulier.
741 3265 772 3328 p.
799 3247 840 3310 28
862 3263 891 3309 a.
926 3241 1126 3325 πυνθανομένη
1161 3240 1193 3305 δέ
1228 3242 1292 3318 (sc.

197 3345 365 3431 Σεμίραμις)
400 3346 431 3408 τὸ
459 3352 513 3408 τῶν
533 3344 628 3408 Ἰνδῶν
664 3345 742 3418 ἔθνος
777 3346 908 3430 μέγιστον
944 3345 1016 3408 εἶναι
1049 3351 1103 3408 τῶν
1135 3345 1209 3408 κατὰ
1241 3346 1293 3428 την

198 3450 367 3534 οἰκουμένην
401 3447 451 3513 καὶ
493 3448 628 3532 πλείστην
664 3475 695 3513 τε
733 3449 782 3514 καὶ
816 3448 973 3532 καλλίστην
1007 3449 1107 3536 χώραν
1141 3450 1292 3533 νέμεσθαι,

198 3557 333 3616 διενοεῖτο
354 3552 519 3633 στρατεύειν
543 3555 583 3626 εἰς
606 3555 657 3637 την
678 3553 810 3638 Ἰνδικήν,
834 3549 868 3638 ἧς
897 3553 1067 3640 ἐβασίλευσε
1091 3552 1293 3639 μέν.Στοιβρο-

198 3657 287 3742 βοίτης
303 3657 363 3720 κατ’
390 3657 516 3730 ἐκείνους
531 3659 596 3730 τοὺς
612 3658 742 3745 χρόνους,
767 3665 945 3743 στρατιωτῶν
961 3657 984 3722 δ’
1005 3658 1083 3744 εἶχεν
1100 3656 1294 3743 ἀναρίθμητον

198 3766 314 3846 πλῆθος,
339 3761 469 3848 ὑπῆρχον
493 3762 516 3826 δ’
542 3761 623 3849 αὐτῷ
650 3761 700 3826 καὶ
728 3763 883 3848 ἐλέφαντες
914 3761 1017 3826 πολλοὶ
1040 3761 1103 3826 καθ’
1130 3762 1294 3848 ὑπερβολὴν

182 3872 336 3951 λαμπρῶς
377 3868 590 3951 κεκοσμημένοι
621 3871 680 3939 τοῖς
715 3869 755 3939 εἷς
792 3868 840 3930 τὸν
874 3867 1002 3952 πόλεμον
1037 3869 1292 3950 καταπληκτιποῖς.

200 3973 240 4040 of.
265 3995 297 4060 p.
324 3976 408 4040 29a.
445 3979 486 4041 80
500 3993 528 4040 a.
566 3978 607 4040 88
620 3994 651 4050 ο,
674 3974 707 4041 h.

287 4083 378 4155 §12
415 4077 446 4140 τὸ
471 4076 503 4140 δέ
537 4074 587 4140 καὶ
625 4073 779 4161 ἑρμηνείαν
814 4079 922 4150 δοῦναι,
957 4073 991 4138 δι’
1028 4071 1063 4158 ἧς
1093 4075 1209 4138 πάντων
1238 4080 1293 4137 τῶν

199 4180 317 4265 ἀγαθῶν
341 4180 531 4266 μεταδίδομέν
553 4205 584 4244 τε
608 4179 745 4263 ἀλληλοις
769 4179 952 4251 διδάσκοντες
968 4177 1017 4242 καὶ
1033 4185 1226 4264 κοινωνοῦμεν
1242 4178 1291 4244 καὶ

199 4285 303 4370 νόμους
333 4286 473 4369 τιθέμεθα
504 4283 553 4348 καὶ
587 4285 818 4368 πολιτευόμεθα;
852 4285 1038 4354 Krohnius
1068 4284 1155 4352 haec
1183 4287 1294 4354 verba

200 4394 238 4458 in
266 4390 527 4460 dubitationem
558 4392 710 4469 vocavit,
741 4394 824 4475 quia
847 4389 1065 4459 vocabulum
1092 4387 1243 4474 ‘eppheta’
1271 4409 1293 4455 a

200 4495 441 4582 Xenophonte
470 4493 627 4592 alienum
659 4505 760 4562 esset.
815 4492 918 4574 Quod
952 4514 1169 4579 quemquam
1200 4500 1293 4561 reete
