3246 5252
881 572 923 636 66

355 756 459 842 στήρὴ,
483 752 498 820 δ
522 755 659 843 τυγχάνει
684 757 780 842 ἕτερον
804 753 835 820 ὂν
859 755 949 842 αὐτῆς
971 763 1022 842 τῆς
1038 757 1243 844 σωφροσύνης
1257 758 1278 839 l)
1318 759 1453 828 Critias

355 862 556 949 respondet,
580 864 647 931 hcc
674 865 753 949 ipso
786 861 925 932 differre
957 861 1146 948 σωφροσύνην
1171 884 1191 930 a
1214 869 1337 933 ceteris
1362 887 1451 951 cog-

355 969 568 1046 nitionibus
601 967 697 1054 quod
725 966 865 1036 nullam
894 989 968 1036 rem
997 969 1082 1036 nisi·
1100 989 1137 1035 so
1161 971 1277 1056 ipsam
1301 967 1451 1038 efficiat:

353 1071 373 1155 ἡ
398 1071 429 1135 δὲ
454 1070 528 1155 μόνη
550 1077 605 1134 τῶν
628 1065 725 1135 ἄλλων
749 1073 913 1156 ἐπιστημῶν
936 1070 1090 1156 ἐπιστήμη.

442 1177 495 1243 De
519 1178 587 1245 hac
611 1179 757 1245 scientia
782 1180 961 1257 scientiae,
987 1198 1077 1263 quae
1093 1175 1289 1247 maximam
1313 1177 1454 1262 dialogi

354 1288 492 1369 partem
516 1283 664 1358 obtinet,
687 1280 805 1349 multa
829 1280 1105 1368 disputaverunt
1127 1285 1196 1351 viri
1220 1267 1323 1350 docti.
1357 1282 1454 1351 Oum

276 1433 280 1440 -
356 1385 702 1455 Schleiermacherus
718 1407 931 1472 persuasum
948 1387 1019 1454 sibi
1035 1373 1194 1472 haberet,
1219 1407 1296 1455 eam
1316 1391 1454 1472 optime

355 1491 529 1579 quadrare
558 1493 596 1559 in
621 1488 850 1576 disciplinam
874 1488 1110 1570 Platonicam,
1141 1491 1331 1561 Bonitzius
1355 1500 1450 1560 recte

355 1596 628 1672 demonstravit,
678 1595 772 1662 hanc
829 1599 1071 1680 cognitionem
1120 1595 1213 1664 nihil
1259 1619 1453 1667 commune

353 1701 486 1770 habere
528 1721 609 1767 cum
643 1697 806 1767 Platonis
843 1698 1023 1780 doctrina,
1068 1704 1177 1770 immo
1224 1723 1370 1788 prorsus
1417 1705 1453 1768 ei

354 1825 563 1890 repugnare.

443 1909 638 1995 Perspicua
661 1913 715 1976 est
739 1911 831 1975 inter
843 1908 1008 1977 Platonis
1024 1907 1252 1978 Charmidem
1277 1909 1450 1978 etXeno-

353 2016 501 2102 phontis
531 2011 664 2080 librum
693 2010 903 2082 similitudo.
939 2011 1092 2081 'Eadem
1122 2013 1265 2099 placita,
1301 2035 1392 2101 quae
1429 2015 1453 2082 'a

354 2116 597 2204 Xenophonte
613 2117 841 2202 proferuntur
865 2138 1026 2203 quaeque
1051 2117 1186 2203 Cynica
1210 2139 1288 2187 esse
1312 2140 1447 2202 cogno-

354 2226 486 2302 vimus,
517 2225 625 2291 etiam
655 2227 693 2293 in
718 2220 907 2291 Charmide
931 2224 1179 2302 inveniuntur;
1211 2223 1274 2292 sod
1297 2245 1379 2291 cum
1404 2227 1449 2294 ab

353 2327 418 2396 illo
442 2327 649 2414 probentur,
672 2327 730 2395 hio
754 2326 962 2394 refutantur.
1010 2326 1193 2412 Imprimis
1212 2350 1343 2416 quaeso
1367 2332 1448 2397 ani-

338 2444 454 2500 'mum
492 2430 657 2500 intendas
696 2433 746 2499 in¹
772 2432 880 2500 Verba
918 2430 1135 2516 ἐπισκέψασθαι
1173 2431 1376 2519 ἀναμάρτητος
1415 2430 1451 2498 εδ

353 2537 488 2623 πράττειν
535 2534 723 2618 εὐδαιμονεῖν,
771 2557 861 2622 quae
906 2535 1031 2605 eadem
1076 2542 1215 2608 ratione
1254 2538 1449 2625 eademque

354 2639 617 2728 significatione
641 2641 684 2710 ab
710 2656 862 2726 utroque
881 2641 1122 2726 usurpantur:

994 2798 1159 2869 oraim.
1185 2775 1352 2886 ticin.
1389 2803 1451 2863 a.

352 2902 577 2988 γιγνώσκειν
598 2902 748 2978 ἑαυτὸν,
772 2899 875 2973 ὅστις
927 2903 989 2966 κεῖ
1011 2898 1073 2966 οὖν
1097 2929 1152 2967 σοι
1174 2904 1212 2967 τὸ
1231 2897 1451 2967 αδεοδδνο-

398 2803 479 2879 ἕῖῖ).
498 2798 635 2882 πότεροι
654 2797 690 2860 δέ
704 2822 758 2860 σοι
775 2800 877 2860 δοκεῖ

353 3003 520 3090 τοώνομοι
554 3007 591 3070 τὸ
630 3009 769 3069 ἑαυτοῦ
808 3004 874 3089 μό-

352 3103 567 3187 νονόἷδεν,
611 3107 630 3195 ἤ
668 3107 744 3181 ’ὅστις
778 3105 874 3194 ὥσπερ

352 3217 380 3280 οἱ
415 3217 479 3287 τοὺς
511 3215 616 3286 ἵππους
650 3213 807 3298 ὠνούμενοι
840 3213 874 3278 οὐ

351 3320 491 3405 πρότερον
521 3317 643 3408 οἴονται
656 3317 820 3402 γιγνώσκειν
843 3314 875 3381 δν

354 3422 390 3488 ἂν
414 3424 576 3510 βούλωνται
598 3429 710 3507 γνῶναι,
741 3421 805 3508 πρὶν
841 3419 875 3486 ἂν

354 3530 581 3614 ἐπισκέψωνται,
621 3526 741 3611 πότερον
781 3526 876 3591 εὐπει-

353 3632 406 3716 θής
430 3635 505 3696 ἐστιν
527 3629 546 3716 ἤ
571 3630 749 3714 δυσπειθής.
773 3681 780 3694 .
826 3629 875 3695 καὶ

354 3733 449 3802 τᾶλλα
479 3737 514 3800 τοὶ
545 3736 615 3821 πρὸς
638 3735 690 3813 τὴν
713 3741 764 3798 τοῦ
785 3735 874 3820 ἵππου

353 3840 456 3928 χρείαν
489 3839 640 3924 ἐπιτήδειοί
674 3864 706 3902 τε
738 3837 787 3902 καὶ
810 3837 875 3902 ἀνε-

352 3945 490 4029 πιτήδειοι
525 3942 604 4016 δ’πως
640 3943 712 4030 ἔχει,
754 3940 875 4016 οὕτως

355 4050 490 4113 ἑαυτὸν
551 4048 874 4133 ἐπισκεψάμενος,

352 4153 484 4225 ὁποῖός
506 4156 584 4216 ἐστι
612 4153 704 4237 πρὸς
732 4153 794 4236 τὴν
815 4151 876 4216 dr-

354 4256 544 4342 θρωπίνην
560 4256 716 4344 χρείαν,
738 4255 876 4340 ἔγνωκε

348 4362 416 4445 τὴν
440 4361 553 4426 αὑτοῦ
577 4361 743 4447 δύναμιν.

442 4537 461 4601 ²)
482 4534 599 4592 Charin·
620 4554 647 4604 p.
669 4541 718 4592 166
729 4535 762 4592 B.

929 3031 975 3090 μοι
992 3007 1101 3092 μόνον
1120 3007 1275 3093 γροίιρειν
1299 3007 1452 3092 δγραμ-

928 3115 1107 3196 ματιστὴς
1137 3111 1187 3176 καὶ
1217 3110 1449 3196 ἀναγιγνώσκειν,

927 3212 946 3298 ἢ
971 3214 1045 3298 ὑμᾶς
1068 3217 1134 3288 τοὺς
1157 3219 1264 3288 παῖδας
1293 3216 1449 3291 διδάσκειν,

927 3316 947 3402 ἢ
971 3319 1055 3383 οὐδὲν
1083 3316 1167 3404 ἧττον
1196 3321 1232 3384 τὰ
1261 3327 1315 3384 τῶν
1338 3323 1449 3407 ἐχθρῶν

928 3423 1072 3508 ἐγράφετε
1094 3421 1113 3508 ἤ
1136 3425 1172 3488 τοὶ
1196 3423 1322 3510 ὑμέτεροι
1345 3422 1395 3487 καὶ
1412 3425 1449 3516 τοὶ

927 3527 1085 3613 τῶνφίλων
1102 3527 1244 3611 ὀνόματα,
1260 3527 1345 3592 οὐδὲν
1356 3524 1450 3613 ἧττον.

994 3967 1026 4031 p.
1054 3951 1114 4015 171
1136 3947 1178 4014 D.
1222 3947 1247 4008 εἰ
1271 3945 1322 4030 μὲν
1345 3941 1449 4031 *pcipi

929 4051 957 4121 ἐξ
981 4047 1076 4135 ἀρχῆς
1101 4049 1305 4135 instrueretur,
1329 4045 1448 4136 ᾔδεινδ

929 4153 1051 4238 σώφρων
1087 4151 1138 4218 ἅτε
1171 4149 1250 4240 ᾔδειν
1282 4152 1332 4218 καὶ
1364 4150 1383 4218 ἃ
1408 4153 1449 4240 μὴ

929 4253 1017 4342 ᾔδειν,
1052 4258 1087 4322 τοὶ
1113 4258 1164 4342 μὲν
1188 4257 1231 4323 δτι
1261 4257 1346 4334 οἶδεν,
1369 4258 1405 4322 τοὶ
1424 4256 1447 4321 δ’

929 4359 973 4425 ὅτι
1012 4361 1184 4426 οὐκ-οἶδεν
1227 4361 1288 4428 καὶ
1333 4358 1449 4428 ἄλλον
