3246 5252
703 601 744 665 23

177 789 216 854 in
244 790 491 872 quaestionem
526 795 749 856 vocaverant.
814 788 1040 875 Quamquam
1077 787 1155 857 fieri
1197 811 1272 859 non

178 898 307 977 potest,
342 899 383 959 ut
407 912 496 977 quae
528 891 584 960 illi
607 891 814 972 docuerunt,
848 901 1008 961 accurate
1032 900 1149 962 mente
1173 914 1270 960 eom-

178 995 386 1081 plectamur‚
415 996 483 1065 hoe
506 1004 627 1066 tamen
650 1019 693 1066 ex
711 1002 837 1084 paucis
857 999 1065 1082 fragmentis
1089 1019 1152 1084 pro
1177 1005 1271 1072 certo

180 1098 387 1179 affirmatur,
423 1099 519 1187 quod
548 1101 664 1170 multa
694 1101 737 1170 de
761 1106 942 1191 superiore
973 1101 1162 1171 hominum
1186 1123 1271 1170 con-

180 1203 315 1273 ditione
357 1226 549 1291 eorumque
595 1228 676 1274 eum
716 1207 784 1276 diis
824 1206 1060 1276 similitudine
1107 1206 1271 1294 disputa-

180 1316 318 1377 verunt.
398 1311 546 1378 Aristot.
583 1309 621 1378 ll.
652 1317 749 1401 687a
789 1319 807 1380 i
843 1321 877 1381 et
907 1311 1087 1398 Xenopho
1111 1311 1136 1378 Ι.
1170 1316 1201 1389 4,
1232 1316 1273 1377 14

184 1419 381 1492 testantur,
436 1417 691 1500 Anaxagoram
743 1415 785 1485 de
829 1439 1002 1486 manuum
1046 1418 1184 1484 ratione
1229 1413 1274 1482 ad

181 1540 289 1586 usum
313 1519 582 1593 accommodata
598 1519 802 1608 disputasse
827 1525 966 1608 sibique
983 1519 1142 1599 finxisse,
1166 1523 1204 1587 in
1227 1522 1273 1586 iis

181 1625 356 1719 imprimis
392 1624 585 1694 hominum
622 1625 664 1695 de
699 1631 866 1696 universo
906 1613 1041 1696 mundo
1083 1627 1273 1711 imperium

180 1730 339 1814 positum
377 1737 463 1796 esse.
533 1729 592 1798 Ad
634 1730 832 1815 Diogenem
869 1729 1139 1818 Apolloniatem
1184 1727 1238 1796 ref
1257 1765 1273 1774 -

181 1832 331 1901 rendum
373 1831 524 1913 videtur,
569 1834 665 1921 quod
700 1835 787 1904 deus
819 1837 983 1904 homines
1027 1858 1070 1904 ex
1105 1835 1274 1903 omnibus

181 1937 399 2007 animalibus
424 1938 523 2008 solos
544 1940 663 2009 iecerit
685 1950 830 2022 erectos,
854 1950 895 2009 ut
917 1939 1057 2008 caelum
1082 1941 1275 2024 omniaque

181 2048 320 2112 terrena
360 2052 560 2130 spectarent
603 2067 692 2113 neve
733 2045 898 2140 humido
920 2049 981 2131 qui
1016 2067 1033 2112 e
1063 2052 1155 2112 terra
1188 2062 1272 2129 pro-

181 2146 307 2214 flueret
330 2150 459 2233 spiritu
482 2147 614 2217 hausto
645 2151 780 2219 morbis
810 2150 1082 2231 affice1·entu1·.¹)
1128 2146 1182 2214 De
1205 2146 1275 2214 hoc

185 2254 342 2337 corporis
375 2260 471 2321 statu
500 2255 606 2321 etiam
630 2252 735 2322 Plato
765 2253 952 2323 nonnullis
987 2253 1076 2321 loeis
1104 2251 1277 2346 'dissecuit

185 2362 219 2423 et
250 2354 361 2424 simili
387 2360 535 2435 ratione,
572 2379 642 2444 qua
673 2351 865 2445 Xenopho‚
903 2357 947 2425 ad
977 2354 1122 2426 deorum
1152 2357 1274 2442 provi-

185 2457 341 2528 dentiam
363 2461 518 2530 rettulit:
564 2485 596 2531 v.
621 2461 708 2530 Tim.
734 2484 766 2548 p.
792 2469 834 2530 90
857 2463 896 2530 Β.
942 2463 975 2525 τὸ
1009 2465 1084 2526 θεῖον
1108 2511 1114 2524 .
1137 2509 1143 2524 .
1167 2509 1173 2522 .
1197 2458 1278 2544 ὀρθοῖ

182 2569 240 2628 πᾶν
263 2564 295 2628 τὸ
319 2571 410 2650 σῶμα.
433 2603 475 2610 -
500 2565 609 2636 Conv.
645 2588 678 2653 p.
706 2573 768 2635 190
788 2569 830 2636 A.
880 2567 1035 2653 ἐπορεύετο
1064 2564 1096 2629 δὲ
1119 2562 1169 2628 καὶ
1192 2562 1276 2648 ὀρθὸν
1348 2573 1352 2581 ’

183 2664 278 2754 ὥσπερ
306 2674 362 2746 νῦν,
386 2669 553 2756 ὁποτέρωσε
576 2670 742 2756 βουληθείη.
801 2669 851 2735 καὶ
889 2669 978 2736 ὁπότε
1012 2671 1088 2757 ταχὺ
1122 2667 1277 2756 ὁρμήσειεν

184 2775 250 2849 θεῖν,
284 2772 379 2859 ὡσπερ
414 2775 440 2839 οἱ
475 2777 659 2861 abdiardam<
690 2777 730 2847 εἰς
761 2773 845 2861 ὀρθὸν
873 2776 909 2840 td
944 2775 1032 2858 σκέλη
1056 2773 1277 2861 περιφερόμενοι

188 2880 356 2964 [audiamini
378 2880 505 2964 κύκλῳ],
540 2878 616 2944 ὀκτὼ
643 2879 709 2943 τότε
739 2875 803 2945 οὖσι
836 2884 893 2953 τοῖς
918 2881 1033 2965 μέλεσιν
1057 2878 1278 2965 ἀπερειδόμενοι

183 2986 260 3072 ταχὺ
285 2986 421 3071 ἐφέροντο
445 2984 552 3070 κύκλῳ.

272 3090 523 3166 Duemmlerus
557 3089 676 3176 [Acad.
702 3113 734 3178 p.
761 3089 937 3175 tro-105}
973 3081 1104 3158 omnia
1124 3089 1279 3171 vestigia

186 3203 347 3265 accurate
371 3205 598 3282 perscrutans
624 3201 711 3264 scite
736 3200 978 3282 sagaciterque
1007 3194 1278 3270 demonstravit,

185 3308 299 3369 totam
315 3299 357 3368 de
375 3299 443 3369 diis
461 3300 658 3370 doctrinam
681 3299 727 3370 ad
743 3304 998 3384 Anaxagoram
1021 3307 1056 3367 et
1079 3298 1283 3382 Diogenem

187 3403 457 3491 Apolloniatem
492 3405 710 3474 referendam
745 3427 831 3474 esse.
901 3404 991 3472 Cum
1027 3411 1146 3470 autem
1183 3404 1276 3469 veri-

187 3509 304 3578 simile
328 3532 401 3578 non
425 3518 527 3588 esset,
560 3497 837 3596 Xenophontem
866 3512 987 3595 ipsum
1010 3529 1132 3577 eorum
1155 3504 1276 3593 philo-

188 3615 355 3700 sophiam
401 3612 601 3697 diligenter·
627 3621 876 3700 pertractasse,
926 3611 968 3680 de
1010 3614 1126 3688 tertio,
1171 3631 1277 3696 quern

114 3755 123 3764 ·
188 3726 332 3788 secutus
368 3726 472 3793 esset,
507 3722 633 3787 statuit
656 3718 886 3802 cogitandum
911 3739 988 3786 esse
1023 3736 1174 3801 eumque
1198 3714 1276 3781 An-

187 3826 380 3894 tisthenem
436 3823 736 3908 intellegendum,
801 3826 970 3909 quoniam
1036 3824 1072 3888 in
1131 3817 1278 3904 Oratylo

189 3929 344 4014 dialogo,
380 3951 449 4016 quo
475 3930 707 3997 Antisthenis
742 3927 877 4014 placita
908 3949 929 3994 a
952 3927 1103 3996 Platone
1127 3923 1279 3992 derideri

189 4045 315 4104 notum
339 4043 444 4113 esset,
468 4037 562 4102 etin
587 4031 841 4120 Xenophontis
867 4033 1130 4100 commentariis
1155 4027 1278 4097 eadem

190 4139 327 4208 decreta
344 4143 597 4208 invenirentur.
608 4137 630 4217 ‘·‘)
671 4136 834 4218 Quocum
853 4139 1018 4220 congruit
1042 4143 1076 4202 et
1098 4142 1189 4201 recte
1212 4154 1279 4200 nos

190 4299 394 4306 -n-.—-.-.--

278 4384 297 4447 ¹)
316 4402 343 4438 v,
363 4383 538 4440 Duemmler
556 4383 646 4440 Aoad.
666 4400 693 4452 p.
715 4385 765 4438 118
784 4399 848 4450 sqq.

276 4470 296 4540 ⁹)
333 4470 507 4528 Verisimile
544 4477 590 4527 est
617 4468 828 4525 Antisthenem
856 4467 888 4523 in
923 4464 999 4522 libro
1028 4463 1079 4534 qui
1106 4460 1283 4519 inscribitur

193 4556 312 4631 ίΦοσοιὸέ
333 4559 372 4633 do
390 4557 437 4615 his
455 4559 545 4615 rebus
564 4556 668 4625 egisse.
