3246 5252
717 564 759 626 43

193 740 382 813 Platonem
397 746 710 826 11Α1111111111111,
734 752 796 834 qui
812 752 851 817 iu
866 749 1033 835 plurimis
1046 751 1152 820 rebus
1167 771 1289 820 secum

193 863 456 936 pugnaverunt,
491 853 529 919 in
551 850 787 938 philosophia
809 851 919 932 civili,
949 856 1050 922 11111
1074 857 1111 922 11
1136 857 1287 924 summis

192 957 373 1042 capitibus
391 965 657 1036 consenserunt,
686 979 707 1024 a
726 954 871 1026 Socrate
887 979 1032 1044 prorsus
1053 956 1288 1028 dissensisse?

281 1057 451 1127 Credisne
468 1062 586 1144 igitur,
603 1061 693 1130 mihi
710 1060 955 1147 respondebis,
971 1061 1178 1134 Krohnium
1194 1071 1287 1132 reete

193 1162 394 1242 iudicasse,
429 1165 498 1234 hoc
531 1173 640 1251 caput
674 1187 694 1232 a
727 1165 973 1253 Xenophonte
1008 1166 1288 1238 abiudicandunr

194 1271 296 1336 esse?
342 1267 508 1338 Minime!
553 1269 646 1338 Nam
682 1270 769 1356 quid
792 1271 973 1358 Xenopho
1006 1293 1127 1341 revera
1150 1272 1285 1343 efficere

146 1415 149 1423 ·
193 1372 358 1453 voluerit,
408 1395 451 1442 ex
497 1373 719 1442 antecedenti
771 1375 873 1443 facile
930 1376 1108 1444 enucleari
1157 1385 1286 1464 potest.

193 1473 333 1546 Acriter
399 1489 574 1564 repugnat
640 1479 783 1565 placitis
856 1480 1136 1560 Antisthenicis,
1197 1503 1287 1567 quae

193 1583 304 1650 saluti
334 1581 551 1668 reipublicae
585 1582 891 1669 periculosissima
922 1587 953 1652 ei
980 1585 1155 1653 videntur.
1214 1585 1287 1653 Neo

193 1709 277 1756 vero
323 1690 361 1754 in
398 1687 466 1755 hac
511 1688 755 1773 disputatione
794 1692 948 1774 vestigia
986 1692 1037 1757 111
1077 1688 1201 1768 latent,
1247 1700 1288 1758 11

194 1794 367 1876 originem
407 1813 481 1860 non
519 1790 682 1878 prodant.
746 1791 831 1860 Sine
870 1792 979 1863 dubio
1015 1793 1195 1880 Xenopho
1243 1793 1288 1862 ad

196 1895 350 1982 Cynicos
374 1903 526 1982 spectat,
561 1917 642 1966 cum
678 1897 774 1976 dicit,
798 1920 879 1967 eum
898 1897 1035 1976 solum,
1072 1901 1133 1984 qui
1157 1918 1285 1966 secun-

195 1999 282 2068 dum
306 1999 404 2084 leges
421 2003 531 2078 11111,
555 2004 692 2072 iustum
716 2025 803 2082 1111,
827 2027 859 2071 v.
877 2003 982 2070 Mem.
1007 2001 1058 2069 IV
1073 2009 1105 2079 4,
1123 2009 1180 2077 132
1205 2007 1235 2079 6,
1259 2009 1288 2072 6.

195 2104 237 2172 Ι1
260 2108 443 2174 neminem
467 2107 538 2173 nisi
561 2106 818 2175 Antisthenem
846 2106 998 2192 quadrat
1022 2105 1118 2192 quod
1141 2105 1197 2174 illi
1221 2109 1289 2174 viri

195 2210 413 2296 reipublicae
423 2210 606 2294 regendae
619 2215 723 2298 periti
737 2214 865 2296 optimi
884 2213 968 2290 sint,
985 2214 1046 2296 qui
1059 2210 1194 2297 populo
1208 2232 1289 2296 per-

197 2318 387 2393 suaserint,
404 2322 445 2383 11
459 2315 601 2399 legibus
613 2323 793 2402 parerent:
812 2318 829 2396 ἓ
845 2320 892 2383 15.
907 2319 961 2378 τῶν
974 2313 1007 2378 δὲ
1020 2313 1170 2400 ἀρχόντων
1184 2317 1214 2378 ἐν
1227 2317 1288 2386 ταῖς

194 2417 312 2482 πόλεσιν
328 2417 381 2482 οὐκ
404 2418 492 2482 111111
516 2415 567 2494 ὅτι,
592 2419 692 2490 οἵτινες
716 2415 751 2482 dr
773 2423 830 2490 τοῖς
847 2417 977 2490 πολίταις
991 2417 1157 2484 αἰτιώτατοι
1172 2412 1224 2481 ὦσι
1240 2423 1291 2482 τοῦ

194 2525 252 2595 τοῖς
268 2521 366 2606 νόμοις
381 2522 543 2600 πείθεσθαι,
559 2518 639 2587 οὗτοι
655 2519 766 2608 ἄριστοί
783 2525 845 2598 εἰσι,
864 2521 913 2586 καὶ
933 2523 1025 2599 πόλις,
1043 2525 1073 2586 ἐν
1086 2517 1106 2607 ᾗ
1120 2521 1246 2606 μάλιστα
1262 2521 1289 2585 οἱ

194 2629 309 2690 πολῖται
336 2627 393 2698 τοῖς
424 2627 521 2712 νόμοις
544 2627 699 2704 πείθονται,
734 2631 764 2692 ἐν
795 2627 895 2713 εἰρήνῃ
929 2653 961 2692 τε
984 2622 1087 2712 ἄριστα
1111 2626 1205 2709 διάγει
1240 2624 1288 2690 καὶ

196 2735 226 2795 ἐν
249 2732 369 2818 πολέμῳ
393 2731 588 2805 ἀνυπόστατός
612 2735 703 2812 terrm
728 2771 770 2778 -a
793 2732 911 2802 Huius
933 2735 1061 2819 capitis
1086 2738 1122 2809 §5
1148 2735 1290 2798 20-23

195 2840 267 2906 iam
291 2836 580 2919 Duemmlerus¹)
614 2837 665 2924 ad·
682 2838 937 2907 Antisthenem
960 2835 1109 2904 rettulit.
1158 2835 1290 2920 ‘Neque
1384 2860 1387 2866 ·

196 2945 292 3010 enim
316 2963 336 3010 a
360 2941 505 3011 Socrate
537 2940 772 3010 demonstrari
800 2943 959 3028 oportuit
987 2942 1165 3008 incestum
1199 2941 1291 3007 inter

196 3054 361 3132 parentes
396 3055 430 3114 11
461 3045 594 3117 liberos
630 3049 874 3125 commissum,
911 3066 1128 3131 quamquam
1160 3049 1290 3120 essent,

197 3152 260 3235 qui
292 3172 369 3218 non
403 3158 620 3237 respuerent,
667 3150 790 3218 divina
825 3149 904 3234 lege
938 3152 1051 3217 vetari
1086 3155 1121 3215 et
1154 3146 1289 3215 infelici

197 3262 328 3324 eventu
361 3259 492 3341 puniri,
527 3258 598 3323 nisi
634 3279 654 3323 a
689 3254 905 3340 quibusdam
942 3255 1161 3321 contrarium
1197 3259 1291 3318 essct

197 3357 433 3427 affirmatum?
481 3360 642 3447 Apparet
660 3363 752 3428 inter
776 3382 899 3428 omnes
924 3357 1124 3426 Socraticos
1150 3355 1191 3423 de
1216 3376 1288 3423 uno

196 3464 414 3532 Antisthene
431 3467 578 3547 cogitari
593 3487 710 3550 posse,
735 3486 840 3551 quem
858 3464 928 3533 hoc
944 3466 1132 3538 incestum,
1157 3464 1289 3546 quippe
1382 3551 1385 3557 Ι

197 3567 294 3654 quod
316 3575 464 3635 naturae
488 3577 610 3654 aptum
629 3576 732 3645 essct,
755 3571 929 3654 probasse
953 3565 1141 3646 constat.‘²)
1184 3563 1291 3650 Apud

196 3671 349 3742 Dionem
385 3672 684 3759 Chrysostomum
719 3672 879 3759 Oedipus
923 3694 943 3738 1
976 3671 1138 3754 Diogene
1179 3669 1287 3736 rehe-

196 3783 332 3845 menter
355 3779 589 3864 vituperatur,
625 3777 720 3863 quod
751 3781 877 3846 certior
899 3776 1026 3854 factus,
1055 3797 1092 3842 se
1117 3796 1199 3841 cum
1223 3794 1290 3840 sua

196 3889 308 3949 matre
338 3890 502 3968 stuprum
533 3881 668 3959 fecisse,
704 3880 817 3949 oculis
854 3903 891 3949 se
919 3881 1122 3966 privaverit,
1160 3899 1286 3963 quam-

197 4005 304 4070 quam
340 3987 427 4053 11111
462 3984 624 4054 debuerit
663 3986 735 4054 talc
770 3985 856 4071 quid
891 3983 1067 4052 nefarium
1102 4004 1175 4050 non
1211 4003 1288 4050 csse

197 4088 362 4176 idemque
385 4113 458 4160 non
482 4091 600 4164 solum
626 4093 759 4160 bestias
784 4092 905 4166 111111,
931 4087 993 4157 sed
1017 4091 1126 4156 etiam
1148 4086 1289 4165 Persas,

286 4351 305 4414 ¹)
325 4368 352 4404 v.
372 4349 504 4407 Antisth.
525 4367 553 4418 p.
574 4355 597 4406 5.

285 4436 360 4503 Σ111.
390 4436 596 4506 Chrysippum
640 4455 677 4506 up
728 4435 809 4494 Sext.
846 4434 986 4504 Empiric.
1023 4434 1127 4504 hypot.
1161 4431 1208 4492 111
1241 4437 1292 4488 246

195 4542 224 4580 v.
244 4523 342 4580 Duem
352 4523 437 4582 mler.
457 4525 526 4582 Ant.
546 4543 574 4594 p.
594 4528 631 4586 51·
