3246 5252
562 929 883 1028 Conclusio

261 1124 357 1193 Haec
397 1125 586 1195 sufficiant.
646 1125 871 1212 Quamquam
914 1126 1059 1211 singula
1093 1126 1268 1213 quaedam

173 1230 278 1299 facile
300 1230 449 1317 proferri
471 1238 626 1318 possunt
649 1252 739 1317 quae
764 1231 937 1317 Cynicam
968 1233 1141 1314 originem
1164 1229 1266 1299 redo-

173 1334 261 1415 lent,
290 1334 406 1404 veluti
438 1333 491 1403 IV
514 1336 544 1416 7,
578 1337 641 1406 ubi
664 1335 843 1423 Xenopho
874 1335 984 1404 simili
1015 1338 1162 1424 ratione,
1198 1355 1268 1423 qua

175 1440 431 1528 Antisthenes2
476 1442 697 1525 'geometriae
743 1447 777 1510 et
822 1443 1062 1521 astronomiae
1108 1437 1268 1509 studium

175 1549 284 1627 reicit,
309 1549 441 1634 quippe
466 1544 561 1631 quod
596 1544 640 1614 ad
663 1544 870 1615 felicitatem¹
893 1543 1161 1632 adipiscendam
1184 1548 1268 1613 usui

175 1673 250 1720 non
273 1654 331 1731 sit,
353 1648 412 1720 vel
434 1649 452 1718 I
477 1657 506 1729 1,
531 1655 579 1719 16.
627 1648 713 1722 αὐτὸς
737 1649 769 1714 δὲ
798 1656 851 1714 τῶν
879 1647 1067 1736 ἀνθρωπείων
1096 1645 1143 1713 ἀεὶ
1178 1647 1269 1711 διελὲ·

174 1781 242 1842 γετο
271 1805 308 1820 ..
332 1807 338 1820 .
363 1805 369 1818 .
403 1752 453 1819 καὶ
481 1752 547 1840 περὶ
574 1759 628 1818 τῶν
660 1750 767 1830 ἄλλων,
800 1751 819 1819 ἃ
848 1755 914 1827 τοδς
944 1753 995 1839 μὲν
1027 1753 1140 1824 εἰδότας
1171 1750 1269 1836 ἡγεῖτο

173 1861 284 1932 καλοὺς
317 1859 467 1945 κάγαθοὺς
506 1859 592 1935 εἶναι,
631 1861 696 1933 τοὺς
730 1858 932 1944 δ’ἇγνοοῦντας
966 1856 1199 1942 ἀνδραποδώδεις
1235 1851 1269 1919 ἄν
1311 1899 1315 1906 ·

174 1964 296 2038 δικαίως
318 1967 489 2050 κεκλῆσθαι,
515 1988 604 2054 quae
627 1953 737 2050 rerba
761 1965 805 2033 ad
828 1963 1084 2033 Antisthenem
1107 1968 1266 2051 spectare

174 2073 279 2140 testis
304 2077 357 2138 est
379 2070 482 2156 Diog.
507 2072 623 2140 Laert.
636 2069 688 2138 VI
701 2077 729 2139 8.
766 2067 921 2156 ἐρωτηθεὶς
945 2067 1001 2132 ὑπό
1024 2091 1074 2131 τοο
1097 2065 1174 2130 καθά
1198 2091 1271 2152 φησι

175 2172 301 2246 Φαινίας
331 2176 361 2238 ἐν
389 2181 430 2262 τῷ
449 2174 514 2261 περὶ
544 2181 598 2239 τῶν
621 2176 820 2260 Σωκρατικῶν,
853 2172 879 2236 τί
902 2179 989 2238 ποιῶν
1019 2171 1108 2243 καλὸς
1139 2169 1271 2255 κάγαθὸς

176 2277 281 2352 ἔσοιτο,
316 2277 383 2364 ἔφη,
409 2280 441 2366 ιεἰ
463 2280 499 2344 τοὶ
523 2280 601 2344 κακοὶ
625 2275 643 2344 ἃ
668 2278 747 2367 ἔχεις
774 2275 818 2342 ὅτι
848 2276 959 2363 φευκτά
983 2279 1044 2340 ἐστι
1067 2274 1168 2359 μάθοις
1191 2275 1271 2360 παρὰ

178 2387 231 2447 aa
266 2381 403 2460 2350'10222
439 2383 495 2466 al,
527 2392 648 2454 tamen
678 2406 722 2453 ex
755 2387 812 2460 iis,
846 2403 936 2468 quae
971 2403 1079 2468 supra
1110 2383 1271 2468 exposui,

177 2492 267 2558 satis
292 2488 394 2559 credo
426 2492 581 2576 perspici
613 2510 731 2576 posse,
767 2486 853 2576 quid
876 2487 1055 2575 Xenopho
1091 2507 1270 2556 commen-

178 2595 280 2662 tariis
306 2592 502 2662 scribendis
527 2593 664 2663 efficere
687 2593 850 2663 voluerit.
898 2592 1111 2681 Composuit
1135 2611 1206 2668 eos,
1230 2594 1271 2656 ut

178 2699 257 2784 ipse
280 2698 454 2768 iudicium
464 2699 644 2786 proferret,
669 2697 754 2785 quid
768 2698 931 2768 Socrates
945 2718 1066 2766 revera
1079 2695 1269 2771 docuisset,

181 2813 216 2874 et
237 2827 398 2894 pugnam
429 2802 471 2871 de
504 2805 574 2873 hac
608 2823 643 2873 re
681 2807 773 2872 inter
806 2802 971 2886 singulos
1002 2800 1201 2869 Socraticos
1238 2804 1272 2866 et

179 2913 356 2998 imprimis
401 2913 494 2979 inter
523 2909 714 2979 Platonem
749 2916 784 2976 et
817 2907 1072 2977 Antisthenem
1114 2910 1273 2972 exortam

180 3014 309 3085 finiret.
354 3015 397 3084 In
421 3035 497 3102 qua,
514 3014 745 3084 Antisthenis
768 3020 887 3099 partes
912 3017 1056 3080 secutus
1081 3016 1144 3088 est,
1170 3009 1271 3074 cuius

179 3119 416 3208 philosophia
438 3123 600 3208 proxime
632 3117 677 3187 ad
700 3119 865 3202 magistri
888 3116 1086 3185 doctrinam
1110 3103 1272 3180 accedere

182 3229 216 3294 ei
239 3224 428 3295 videbatur
458 3233 493 3294 et
533 3228 653 3294 animo
689 3222 734 3292 ad
768 3224 911 3292 beatam
945 3224 1060 3289 vitam
1098 3217 1274 3305 spectanti

183 3333 317 3418 optimc
332 3328 581 3417 respondebat.
626 3328 799 3410 Quamvis
817 3334 935 3396 autem
959 3347 997 3393 se
1021 3321 1275 3410 applicavisset

183 3433 230 3502 ad
263 3435 492 3504 Antisthenis
529 3433 744 3512 doctrinam,
777 3440 898 3501 tamen
932 3451 1007 3500 non
1042 3430 1161 3496 omnia
1196 3428 1273 3494 sine

182 3540 315 3610 iudicio
338 3541 481 3626 recepit,
505 3537 567 3607 sed
581 3559 671 3625 quae
694 3558 716 3604 a
736 3557 804 3605 sua
827 3536 1003 3604 sententia
1023 3531 1274 3618 discrepabant

183 3646 242 3716 vel
266 3647 298 3715 ei
322 3646 498 3713 contraria
522 3651 632 3722 erant,
656 3630 883 3730 impugnabit
907 3648 941 3709 et
964 3647 1145 3708 auctorem
1169 3656 1275 3703 suurn

183 3754 393 3822 convincere
418 3749 567 3828 studuit,
602 3746 674 3816 tale
699 3746 785 3834 quid
808 3767 923 3832 neque
946 3739 1174 3830 probandum
1198 3759 1275 3807 esse

182 3877 299 3942 neque
322 3876 405 3923 cum
429 3853 586 3924 Socratis
611 3851 803 3939 disciplina
826 3850 1035 3918 consentire.

272 3959 412 4041 Quibus
436 3960 658 4046 temporibus
682 3957 742 4026 hic
764 3955 855 4024 liber
878 3953 1098 4039 compositus
1123 3951 1180 4027 sit,
1212 3969 1274 4034 pro

184 4075 279 4138 certo
315 4064 485 4134 affirmari
519 4084 593 4132 non
626 4069 755 4150 potest.
813 4061 890 4129 Hoc
922 4063 1063 4135 tamen,
1098 4049 1276 4139 siquidem

185 4195 277 4261 quae
300 4171 452 4259 exposui
474 4190 558 4237 vera
582 4174 678 4248 sunt,
701 4165 933 4236 manifestum
957 4168 1022 4242 est,
1046 4180 1128 4227 eum
1151 4153 1276 4225 multis

188 4282 292 4349 annis
315 4283 399 4366 post
422 4273 579 4343 Socratis
609 4279 761 4344 mortem
796 4271 1037 4354 conscriptum
1073 4283 1161 4342 esse,
1197 4282 1277 4329 curn

184 4387 258 4454 iam
282 4382 443 4453 doctrina
474 4387 509 4450 et
532 4378 762 4450 Antisthenis
798 4381 833 4442 et
855 4372 1019 4441 Platonis
1053 4367 1161 4456 plane
1195 4386 1275 4452 per·

185 4490 277 4560 fecta
300 4496 406 4575 atque
430 4484 572 4557 exculta
603 4490 687 4553 erat.
741 4479 881 4562 Quibus
914 4499 994 4545 cum
1026 4475 1159 4561 optime
1192 4490 1277 4539 con-
