3246 5252
881 499 995 562 20·

445 679 555 751 Vides
581 684 690 766 igitur
712 691 854 752 tantum
879 683 1014 761 abesse,
1039 666 1183 750 uthaec
1206 684 1316 750 verba
1340 685 1456 751 inter-

357 789 556 875 polatorem
580 787 744 874 prodant,
776 794 816 854 ut
843 796 961 854 totum
992 788 1090 856 hunc
1112 786 1233 857 iocum
1257 785 1302 853 ad
1324 786 1452 855 Xeno-

358 894 532 980 phontem
555 890 777 960 referendum
801 913 878 959 esse
896 895 1092 960 certissime
1115 913 1182 959 nos
1197 889 1362 970 dooeant;
1385 911 1457 958 nec

358 1019 441 1066 vero
466 997 627 1065 doc‘trina
659 1015 749 1080 quae
784 1003 899 1063 exstat
934 999 971 1063 in
1006 997 1074 1064 hoc
1098 998 1213 1081 capite
1249 993 1291 1061 de
1327 991 1395 1062 diis
1430 1017 1456 1062 a

359 1102 602 1187 Xenophonte
643 1099 818 1168 abhorret.
886 1099 1073 1168 Krohnius
1115 1107 1155 1167 ut
1200 1121 1277 1169 earn
1311 1101 1453 1169 Stoicos

360 1205 517 1275 redolere
541 1207 612 1275 sibi
634 1203 794 1288 fingeret,
827 1207 1002 1290 imprimis
1034 1212 1234 1274 commotus
1259 1214 1313 1274 est
1335 1207 1456 1273 tribus

358 1309 464 1378 loeis:
510 1315 581 1387 §h
615 1308 686 1393 πρὸς
716 1306 748 1370 δὲ
778 1307 887 1379 τούτοις
919 1307 954 1371 οὐ
981 1310 1063 1371 δοκεῖ
1085 1334 1130 1372 σοι
1152 1308 1295 1374 reiraida
1318 1306 1456 1394 προνοίας

252 1429 254 1439 “
280 1439 282 1445 ’
359 1413 452 1498 ἔργοις
476 1415 609 1490 ἑοικέναι,
633 1412 674 1489 τό,
706 1409 769 1476 ἐπεὶ
800 1410 929 1495 ἀσδενης
961 1413 1011 1496 μέν
1044 1415 1118 1476 ἐστιν
1147 1412 1166 1496 ἡ
1199 1410 1272 1500 ὄψις,
1296 1413 1459 1499 βλεφάροις

359 1517 449 1601 αὐτὴν
488 1523 622 1604 θυρῶσαι.
797 1523 888 1580 ταῦτα
925 1514 1001 1580 ούτιυ
1037 1525 1231 1601 προνοητικῶς
1264 1517 1458 1604 πεπραγμένα

360 1622 477 1708 ἀπορεῖς
502 1621 610 1707 πότερα
632 1620 723 1707 τύχης
746 1618 765 1704 ἢ
789 1621 903 1705 γνώμης
926 1620 997 1706 ἔργα
1021 1619 1109 1700 ἐστίν;

448 1734 464 1804 ἓ
488 1733 516 1795 8.
565 1727 598 1789 σύ
626 1725 648 1788 δ’
676 1729 705 1789 ἐν
729 1731 827 1811 σαυτῷ
847 1725 984 1810 φρόνιμόν
1008 1751 1034 1788 τι
1057 1728 1150 1797 δοκεῖς
1174 1725 1268 1813 ἔχειν;
1293 1764 1334 1772 -
1361 1723 1458 1810 ἐρώτα

361 1837 428 1914 γοῦν
452 1828 502 1893 καὶ
525 1829 743 1916 ἀποκρινοῦμαι.
773 1869 811 1876 -
844 1825 951 1894 άλλοδι
980 1828 1012 1893 δὲ
1035 1828 1167 1914 οὐδαμοῦ
1198 1828 1282 1894 οὐδὲν
1304 1827 1361 1892 οἴει
1383 1826 1457 1914 φρό-

360 1959 440 2018 νιμον
473 1933 561 2013 εἷναι;
595 1933 645 1998 καὶ
679 1933 755 1998 ταῦτ’
794 1936 875 2006 εἰδὼς
906 1932 949 1998 δτι
977 1940 1029 2017 γῆς
1060 1959 1091 1996 τε
1124 1935 1224 2020 μικρὸν
1250 1930 1342 2019 μέρος
1366 1935 1463 2018 ἐντῷ

362 2039 472 2124 σώματι
494 2045 603 2123 πολλῆς
632 2035 720 2122 οὐσης
750 2039 828 2125 ἔχεις
858 2037 908 2102 καὶ
939 2037 1026 2123 ὑγροῦ
1050 2039 1146 2125 βραχύ
1169 2043 1280 2102 πολλοῦ
1303 2033 1383 2109 ὐντος
1406 2035 1458 2100 καὶ

322 2169 325 2176 ¹
361 2151 413 2207 τιῦν
437 2139 535 2207 ἄλλων
558 2143 651 2226 δήπου
677 2142 812 2227 μεγάλων
836 2139 925 2206 ὐντιυν
954 2142 1076 2207 ἑκάστου
1101 2143 1201 2228 μικρὸν
1231 2143 1316 2228 μέρος
1339 2140 1460 2226 λαβόντι

362 2249 393 2312 τδ
426 2254 509 2332 οιῦμα
534 2247 726 2333 συνήρμοσταί
751 2274 810 2312 σοι·
834 2254 899 2311 νοῦν
931 2246 963 2310 δὲ
994 2247 1079 2331 μόνον
1103 2244 1160 2334 ἄρα
1184 2247 1316 2332 οὐδαμοῦ
1339 2243 1407 2310 ὐντα
1424 2270 1462 2308 σε

364 2352 491 2439 εὐτυχῶς
515 2379 576 2423 πως
604 2355 697 2423 δοκεῖς
726 2352 915 2437 συναρπάσαι,
953 2350 1002 2415 καὶ
1032 2351 1103 2415 τάδε
1131 2353 1166 2416 τοὶ
1197 2352 1377 2440 ὑπερμεγέθη
1407 2348 1458 2412 καὶ

362 2462 470 2541 πλῆθος
491 2453 598 2541 άπειρα
622 2455 654 2519 δι’
681 2453 846 2542 ἀφροσύνην
869 2459 933 2521 τινὰ
957 2454 1049 2530 οὕτως
1069 2455 1123 2520 οἴει
1140 2455 1286 2528 εὐτάκτως
1302 2455 1395 2542 ἔχειν;
1415 2493 1455 2500 -

452 2568 468 2638 ᾖ
495 2568 543 2629 17,
580 2558 695 2624 οἴεσθαι
726 2556 776 2624 οῦν
804 2561 862 2647 χρὴ
893 2559 943 2624 καὶ
966 2563 1017 2644 την
1042 2563 1071 2624 ἐν
1094 2567 1136 2647 τῷ
1154 2559 1238 2624 παντὶ·
1261 2559 1398 2646 φρόνησιν
1421 2559 1457 2622 τά

363 2666 466 2741 πάντα,
491 2661 570 2737 ὅπως
594 2661 628 2729 άν
653 2663 728 2749 αὐτῇ
751 2663 806 2748 ἡδῦ
832 2660 859 2750 ᾖ,
883 2662 960 2729 ούτιυ
983 2665 1124 2741 τίθεσθαι,
1148 2670 1206 2729 κτλ.

451 2770 504 2836 De
527 2773 642 2856 primo
667 2777 701 2836 et
732 2773 834 2837 tertio
866 2769 945 2839 loco
978 2770 1223 2858 disputatione
1259 2790 1349 2856 opus
1385 2788 1457 2836 non

366 2882 438 2954 est3
474 2877 695 2959 ineptissime
739 2877 833 2941 enim
867 2873 929 2942 ille
966 2873 1150 2953 iudicavit,
1186 2897 1267 2942 cum
1305 2873 1455 2940 alterum

366 3000 529 3064 perverse
554 2981 806 3069 interpretatus
831 2981 888 3057 sit,
924 2981 1034 3047 altero
1060 2978 1221 3048 codicum
1246 2981 1457 3065 scripturam

365 3081 471 3169 piane
496 3082 699 3165 neglexerit.
717 3085 741 3164 ¹)
800 3082 945 3150 Maioris
976 3087 1148 3152 momenti
1178 3083 1345 3151 videntur
1369 3101 1462 3167 quae

367 3195 488 3254 contra
524 3186 791 3272 paragraphum
827 3196 990 3256 octavam
1029 3186 1197 3274 protulit,
1233 3208 1348 3282 quam¹
1377 3207 1457 3253 cum

369 3291 529 3358 doctrina
560 3294 596 3357 in
634 3290 857 3376 Cyropaedia
891 3291 1033 3378 prolata
1066 3313 1225 3380 pugnare
1260 3289 1456 3362 contendit:

366 3420 397 3463 V.
423 3395 517 3472 VIII.
545 3401 572 3462 1.
598 3399 648 3462 20.
685 3394 876 3480 διαλυομένου
910 3394 942 3458 δὲ
973 3394 1121 3481 ἀνθρώπου
1153 3395 1229 3479 δῆλά
1253 3398 1327 3459 ἐστιν
1352 3395 1459 3457 ἕκαστα

366 3497 488 3561 ἀπιόντα
512 3499 582 3582 πρὸς
605 3498 637 3561 τὸ
662 3497 809 3584 ὁμόφυλον
831 3499 906 3583 πλὴν
929 3505 980 3582 τῆς
1004 3506 1108 3586 ψυχῆς.
1164 3499 1257 3566 Nam
1281 3521 1361 3570 cum
1385 3498 1462 3567 illie·

369 3603 531 3670 Socrates
558 3605 716 3671 animam
728 3604 925 3672 humanam
951 3612 1130 3672 aeternam
1155 3625 1232 3671 esse
1252 3603 1461 3690 profiteatur

369 3709 598 3792 omniumque
636 3730 752 3775 rerum
787 3710 957 3792 reginam,
992 3709 1050 3776 hic
1084 3711 1122 3775 in
1152 3707 1269 3777 medio
1294 3707 1460 3794 relinqui,

367 3819 487 3878 utrum
512 3809 586 3888 illa
612 3815 780 3896 quoniam
805 3834 877 3878 non
893 3811 1035 3891 habeat,
1061 3812 1156 3898 quod
1173 3814 1244 3881 sibi
1267 3819 1459 3898 cognatum

368 3918 433 3992 sit,
479 3913 588 3982 simui
624 3937 702 3991 cum
739 3937 884 4002 corpore
919 3918 1069 3984 intereat
1108 3939 1154 3984 an
1187 3924 1271 4002 post
1309 3921 1458 3985 mortem

331 4049 334 4054 Δ
367 4027 517 4086 maneat.
588 4017 657 4086 Sed
724 4020 810 4088 haec
868 4021 1106 4107 discrepantia
1174 4015 1318 4088 omnino
1387 4041 1459 4087 non

369 4128 501 4196 exstat
537 4144 651 4208 neque
680 4128 774 4196 enim
809 4128 902 4193 inest
925 4125 981 4192 his
1013 4127 1144 4204 verbis,
1181 4129 1338 4194 animam
1368 4123 1460 4192 nihii

368 4228 508 4310 cognati
532 4225 674 4305 habere,
709 4249 789 4296 cunr
816 4227 976 4314 ιὁμοθρϊκοιί
1015 4253 1088 4299 non
1113 4229 1157 4297 ad
1182 4232 1371 4316 sequentia
1397 4227 1459 4296 sed

368 4371 421 4378 »-

440 4435 459 4502 ¹)
479 4452 505 4491 v.
527 4434 651 4491 h'unert.
671 4433 701 4490 11.
721 4453 748 4504 p.
770 4441 810 4494 15.
