3246 5252
688 565 727 627 51

157 747 385 816 deamicitia
417 747 560 816 disserit
596 746 791 835 multisque
819 748 937 817 verbis
968 748 1133 827 ostendit,
1165 752 1254 819 ami-

157 855 265 921 citiae
299 853 345 922 ob
381 873 458 920 eam
493 875 567 920 rem
600 859 739 919 tantam
784 855 858 919 vim
894 853 1051 932 attribui,
1087 854 1183 939 quod
1217 858 1256 923 in

159 957 330 1026 omnibus
355 959 460 1027 rebus
486 965 562 1025 sive
586 955 753 1024 secundis
768 960 854 1024 sive
878 956 1038 1025 adversis
1063 959 1106 1026 eb
1132 962 1255 1028 amicis

158 1082 347 1147 nunquam
371 1060 584 1140 deseramur,
621 1059 684 1128 sed
709 1082 849 1147 semper
873 1062 1005 1148 ubique
1045 1062 1090 1131 ab
1120 1066 1164 1130 iis
1191 1062 1254 1132 ad-

157 1169 334 1244 iuvemur,
368 1173 409 1232 ut
444 1163 576 1234 damna
605 1163 870 1252 propulsemus,
915 1165 1104 1236 commode
1138 1166 1254 1255 adipi-

158 1292 310 1340 scamur.
358 1270 415 1338 Ex
438 1269 505 1337 hoc
529 1272 769 1356 consequitur,
793 1276 835 1337 ut
861 1274 965 1339 amici
990 1270 1111 1340 eodem
1136 1263 1270 1368 niodo,¹

159 1396 231 1460 quo
259 1376 362 1453 servi,
398 1373 528 1444 diversi
562 1378 668 1463 pretii
703 1378 776 1443 sint
811 1382 846 1443 et
875 1397 918 1443 ex
948 1375 1116 1454 utilitate,
1148 1398 1255 1463 quam

161 1481 314 1564 quisque
343 1480 521 1564 praebeat.
557 1483 737 1548 aestimari
766 1480 938 1549 debeant:
974 1479 1079 1548 Mem.
1104 1481 1140 1548 ll
1170 1484 1200 1561 5,
1224 1487 1253 1549 3.

158 1587 324 1666 σκοποῦμαι
357 1581 394 1666 ὀὴ
428 1587 520 1657 τοῦτο,
545 1581 612 1668 ἔφη,
641 1585 666 1647 εἰ
695 1579 761 1670 ἄρα,
792 1581 889 1668 ὥσπερ
912 1589 966 1647 τῶν
989 1585 1116 1666 οἰκετῶν,
1139 1582 1188 1648 ml
1200 1590 1255 1647 τῶν

159 1685 253 1769 φίλων
267 1683 336 1750 εἰσὶν
354 1684 439 1759 ἀξίαι.
461 1687 690 1774 ‘Priusquam
706 1690 815 1773 igitur
828 1691 1022 1757 amicitiam
1036 1709 1116 1758 curn
1129 1689 1250 1776 aliquo

160 1792 334 1870 ineamus,
370 1794 408 1858 in
431 1813 547 1860 mores
577 1796 653 1861 eius
679 1798 839 1861 accurate
864 1815 929 1860 nos
961 1794 1138 1878 inquirere
1163 1816 1254 1881 opus

161 1902 224 1961 est.
276 1894 365 1964 Tum
401 1899 434 1964 si
468 1895 600 1981 dignus
637 1918 677 1964 eu
707 1895 863 1978 videtur,
900 1901 997 1979 omni
1029 1897 1136 1967 modo
1173 1921 1253 1968 eum

161 1998 311 2069 consilio
350 2007 456 2086 atque
489 2022 595 2088 opera
623 2005 746 2070 iuvere
778 2001 961 2081 debemus
997 2008 1037 2071 ut
1061 2005 1255 2071 amicitiam

161 2125 241 2171 cum
276 2125 316 2171 eo
353 2106 594 2175 conciliemus,
665 2105 752 2174 Inde
788 2114 956 2193 apparet,
999 2107 1115 2177 bonos
1159 2111 1255 2176 viros

160 2199 412 2279 tantummodo
437 2215 595 2280 amicitia
618 2213 791 2279 contineri
814 2232 938 2297 posse;
973 2233 1057 2279 nam
1090 2218 1130 2279 ut
1152 2215 1255 2298 pravi

161 2312 266 2381 bonis
302 2313 360 2382 vel
396 2318 502 2384 etium
536 2319 639 2402 pravi
673 2317 795 2401 pravis
831 2318 936 2383 amici
970 2317 1044 2383 sint
1074 2314 1150 2383 fieri
1180 2336 1255 2383 non

161 2437 276 2504 posse,
301 2440 380 2486 cum
406 2418 468 2487 alii
492 2418 573 2487 aliis
598 2441 705 2487 usum
731 2417 864 2486 adferre
889 2426 1076 2505 nequeant.

248 2520 343 2590 Haec
366 2522 499 2609 placita
522 2544 689 2608 magnam
714 2521 989 2591 similitudinem
1014 2524 1150 2593 habent
1173 2545 1254 2592 omn

161 2628 218 2704 iis,
243 2647 333 2712 quae
358 2649 378 2694 a
400 2627 552 2697 Platone
576 2632 613 2696 in
637 2627 773 2714 Lyside
796 2627 1033 2713 proferuntur.
1082 2627 1151 2696 Sed
1164 2648 1255 2714 quae

161 2731 342 2818 Xenopho
365 2733 506 2819 probat,
542 2753 582 2800 eu
605 2732 710 2800 Plato
745 2732 877 2799 refutat
912 2740 947 2800 et
980 2731 1118 2800 nullius
1147 2736 1254 2820 pretii

162 2857 239 2903 esse
264 2834 492 2908 demonstrat.
541 2837 712 2923 Disputat
743 2839 793 2903 sio
821 2835 900 2902 fere.
948 2833 1140 2916 Socratem,
1173 2859 1254 2905 oum

161 2939 402 3027 Hippothales
445 2941 588 3028 quidem
634 2943 678 3011 ab
727 2940 791 3010 illo
837 2942 1093 3024 interrogatus,
1147 2962 1253 3027 quem

163 3047 324 3114 omnium
350 3043 635 3115 adulescentium
651 3044 930 3132 pulcherrimum
949 3052 1102 3132 putaret
1126 3047 1255 3114 rubore

162 3147 322 3218 suffusus
345 3153 403 3228 sit,
427 3150 631 3219 confessum
654 3171 731 3218 esse
755 3151 887 3217 seiam
912 3152 1012 3228 scire,
1037 3171 1156 3218 amore
1173 3172 1254 3218 eum

162 3260 306 3339 captum
331 3276 428 3334 esse;
460 3276 544 3322 nam
569 3276 589 3322 u
613 3254 681 3323 diis
705 3252 912 3322 facultatem
936 3253 1005 3321 sibi
1031 3275 1108 3322 esse
1132 3252 1254 3322 datam
1355 3323 1360 3330 ,

162 3355 351 3440 diligentes
376 3366 410 3426 et
424 3357 581 3428 ‘dilectos
606 3358 764 3426 celeriter
776 3356 1023 3440 cognoscendi.
1061 3358 1152 3427 Tum
1176 3380 1249 3426 cer-

161 3463 286 3529 tiorem
310 3462 455 3540 factum,
484 3462 745 3551 Hippothelem
780 3482 898 3529 amore
933 3461 1081 3548 Lysidis
1104 3463 1254 3546 flagrare

162 3569 309 3653 eiusque
332 3566 458 3635 laudes
483 3590 621 3655 semper
655 3569 788 3652 ubique
812 3587 946 3646 canere,
978 3589 1059 3634 eum
1088 3570 1254 3636 iuvenem

163 3669 408 3751 admonuisse,
451 3694 495 3740 ne
531 3672 702 3741 dilectum
744 3671 938 3757 superbum
971 3678 1007 3738 et
1039 3671 1254 3740 insolentem

162 3773 290 3842 iaceret
314 3783 348 3843 et
363 3780 509 3862 petenti,
532 3784 573 3844 ut
586 3780 693 3856 viam,
717 3774 1088 3861 quabenevolenticm
1105 3774 1253 3862 Lysidis

164 3878 234 3946 sibi
269 3878 484 3962 conciliaret,
520 3880 731 3957 ostenderet„
767 3902 804 3946 se
835 3879 903 3947 hoc
932 3878 1110 3948 facturum
1143 3879 1253 3966 polli-

163 3983 271 4050 citum
297 4005 383 4051 esse.

249 4085 410 4156 Eandem
439 4092 651 4157 sententiam
684 4091 859 4174 expressit
881 4088 1060 4174 Xenopho
1085 4090 1123 4154 in
1147 4086 1252 4155 Mem.

162 4190 196 4258 Π
220 4195 250 4269 6,
273 4195 329 4259 28:
363 4189 433 4263 ἴσως
456 4189 524 4256 δ’ὂίν
548 4192 573 4255 τί
597 4218 641 4256 σοι
664 4191 746 4276 κάγὼ
766 4194 920 4277 συλλαβεῖν
945 4192 984 4263 εἰς
1007 4192 1134 4275 τὴντῶν
1158 4196 1254 4255 καλῶν

160 4318 193 4358 τε
226 4293 363 4378 κάγαθῶν
398 4295 487 4380 θήραν
522 4295 620 4383 ἔχοιμι
653 4297 701 4360 διὰ
736 4297 767 4360 τὸ
804 4298 941 4382 ἐρωτικὸς
976 4295 1057 4359 εἶναι.
1130 4295 1182 4363 Ut
1215 4298 1254 4363 in

162 4398 297 4484 Lyside
339 4400 589 4488 Hippothales
632 4403 690 4480 hic
724 4401 945 4481 Critobulus
983 4424 1064 4469 curn
1103 4400 1254 4478 dubitet,

162 4503 259 4590 quid,
294 4515 335 4573 ut
369 4505 537 4576 dilectum
575 4508 642 4575 sibi
675 4509 881 4590 coniungat,
924 4506 1041 4584 faciat,
1072 4504 1253 4574 Socratem

1011 4627 1043 4684 4*
