3246 5252
822 573 927 667 ¹ro

359 787 600 878 adpetendum
624 795 688 868 est,
712 795 753 856 111
764 787 828 856 fiat
842 809 949 875 quam
967 790 1255 874 sapientissimus
1280 793 1314 854 61
1328 808 1451 856 omnes

359 892 513 967 labores,
538 895 600 978 qui
624 890 669 959 ad
685 890 972 979 adispiscendam
989 913 1067 959 eam
1085 914 1175 978 opus
1194 897 1289 971 sunt,
1314 892 1450 960 subeat.

361 995 584 1084 Sapientiam
607 999 702 1064 enim
727 996 895 1064 discendo
913 999 1110 1082 comparari
1133 1018 1240 1083 posse
1264 1004 1298 1063 et
1314 993 1451 1063 Clinias

359 1099 521 1169 concedit
544 1106 579 1167 61
592 1098 754 1168 Socrates
772 1099 876 1170 nulla
891 1103 1101 1186 quaestione
1123 1099 1288 1168 adhibita
1304 1102 1416 1186 ponit.
1428 1101 1451 1178 ¹)

444 1204 627 1273 Hactenus
650 1207 746 1291 prior
770 1204 981 1292 disputatio;
1017 1207 1074 1272 cui
1106 1203 1263 1273 adnectit
1287 1201 1475 1280 Socrates¹

360 1309 523 1388 alteram,
560 1330 630 1394 qua
664 1329 741 1377 eam
777 1313 979 1390 scientiam,
1026 1329 1115 1395 quae
1150 1309 1255 1376 nobis
1292 1308 1451 1396 aliquem

362 1413 516 1482 fructum
534 1414 714 1499 praebeat,
739 1412 975 1500 adpetendam
999 1435 1077 1481 esse
1093 1412 1327 1482 demonstrat„
1354 1409 1451 1478 Haec

358 1525 479 1585 autem
514 1523 569 1585 est
602 1515 667 1585 illa
701 1521 869 1602 cognitio,
903 1520 933 1581 ἐν
968 1513 988 1604 ᾖ
1023 1518 1230 1602 συμπέπτωκεν
1265 1513 1328 1599 ἅμα
1356 1515 1388 1579 τό
1419 1539 1450 1577 τε

356 1618 1449 1709 mmmmmmfflqfflwwwmfflfflkwm

357 1747 471 1812 neque
494 1732 618 1794 tenent
640 1729 676 1809 ii„
707 1729 768 1812 qui
792 1728 947 1796 citharas
971 1727 1030 1796 vel
1053 1729 1162 1796 tibias
1186 1728 1362 1796 fabricant
1385 1745 1446 1792 nc-

358 1851 425 1916 que
459 1829 684 1915 ι(1161111111,
720 1853 801 1899 cum
824 1833 891 1901 hos
917 1854 1039 1901 omnes
1072 1853 1162 1919 quae
1193 1830 1372 1899 effecerint
1395 1831 1450 1896 uti

359 1938 505 2013 nescire,
529 1934 592 2002 sed
616 1934 696 2002 aliis
721 1939 758 2004 in
783 1959 889 2004 usum
912 1935 1049 2004 tradere
1073 1943 1236 2022 apertum
1260 1937 1314 2002 611.

444 2037 584 2119 Quibus
608 2043 746 2108 reiectis
771 2039 934 2110 Socrates
966 2048 1077 2132 artem
1100 2043 1151 2108 rei
1174 2039 1340 2114 militaris
1364 2060 1446 2124 pro-

357 2143 423 2211 fert
446 2163 594 2230 eamque
619 2165 742 2212 omnes
779 2166 869 2230 quae
893 2166 983 2231 opus
1009 2149 1081 2213 sint
1105 2144 1325 2213 conditiones
1351 2164 1447 2213 com-

355 2246 573 2334 prehendere
596 2250 796 2316 arbitratur.
844 2248 914 2318 Sed
927 2251 1014 2318 haec
1035 2270 1175 2336 quoque
1200 2248 1352 2316 aClinia
1373 2256 1448 2316 tam

357 2354 470 2420 acutis
507 2358 542 2418 61
572 2350 684 2420 firmis
721 2358 941 2436 argumentis
976 2355 1167 2434 refutatur,
1203 2361 1243 2421 ut
1272 2353 1368 2422 Crito
1405 2351 1449 2420 de

358 2463 460 2524 tanta
474 2455 713 2524 adulescentis
726 2459 916 2544 prudentia
929 2459 1165 2528 admiratione
1178 2457 1336 2536 affectus,
1360 2480 1448 2525 num

357 2581 479 2629 revera
503 2560 640 2629 Clinias
665 2561 726 2630 ille
750 2563 837 2632 haec
863 2564 1001 2646 dixerit,
1025 2568 1217 2648 interroget
1241 2567 1286 2650 (p.
1301 2561 1446 2644 29011).

442 2664 501 2733 Ad
524 2665 593 2734 hoc
607 2665 769 2735 Socrates
784 2668 922 2739 Critoni
946 2673 1012 2738 iter
1035 2671 1208 2738 sermonis
1234 2690 1314 2735 cum
1329 2667 1449 2734 Clinia

355 2772 513 2837 instituti
537 2771 752 2839 verbotenus
771 2773 910 2860 prodit;
934 2781 1018 2842 tunc
1039 2795 1119 2842 cum
1135 2774 1289 2842 breviter
1313 2771 1447 2852 edocet,

357 2896 393 2941 se
429 2885 462 2941 et
492 2874 647 2942 Cliniam
688 2875 857 2946 diuturna
892 2883 1102 2965 quaestione
1136 2878 1261 2947 habita
1301 2876 1447 2945 tandem

358 2985 468 3046 artem
493 2981 625 3063 regiam
650 2983 725 3060 6116
750 2981 889 3050 civilem
916 2981 1016 3051 illam
1040 3004 1118 3051 esse
1142 3004 1231 3068 quae
1256 2986 1446 3066 quaeratur

355 3085 540 3150 scientiam
564 3087 744 3152 statuisse.
791 3085 893 3155 Hanc
922 3091 1017 3155 enim
1048 3108 1169 3156 omnes
1195 3094 1327 3154 ceteras
1352 3090 1446 3152 artes

355 3186 544 3272 complecti
568 3195 715 3273 atquae
739 3191 782 3258 ab
808 3189 882 3257 illis
908 3190 1032 3259 effecta
1054 3195 1128 3259 61111
1159 3196 1197 3259 in
1222 3213 1328 3261 usum
1353 3191 1444 3256 acci-

353 3312 445 3376 pere.
492 3291 704 3360 Accuratius
730 3302 860 3373 autem,
888 3299 1004 3381 pergit
1027 3295 1202 3376 Socrates,
1235 3297 1339 3365 nobis
1363 3315 1444 3379 per-

354 3396 631 3478 vestigantibus
665 3410 752 3466 num
777 3403 899 3467 omnia
923 3422 1012 3487 quae
1036 3409 1173 3469 statuta
1197 3406 1317 3468 essent
1345 3403 1383 3466 in
1407 3419 1446 3464 66

354 3498 677 3585 comprehenderet,
700 3505 829 3570 iterum
854 3526 920 3572 nos
945 3508 981 3572 in
1002 3504 1130 3573 falsam
1155 3509 1330 3573 rationem
1355 3505 1444 3571 inci-

354 3602 450 3670 disse
474 3607 648 3689 apparuit.
694 3606 787 3674 Nam
804 3615 845 3676 ut
868 3612 915 3676 sit
937 3611 1008 3676 ista
1024 3612 1183 3690 scientia,
1208 3608 1444 3696 aliquidboni

354 3729 430 3775 eam
454 3706 609 3793 prosena
633 3718 782 3796 oportet,
805 3714 942 3781 bonum
958 3721 1077 3782 autem
1102 3735 1179 3782 6666
1202 3736 1311 3782 uuam
1329 3717 1444 3782 scien-

353 3815 440 3879 tiam
464 3813 770 3899 sup1·aridimus;
804 3839 948 3885 necesse
978 3821 1087 3902 igitur
1116 3826 1170 3886 661
1198 3821 1347 3887 scientia
1370 3839 1445 3886 non

353 3936 411 3982 eas
437 3923 540 3997 artes,
576 3940 666 4005 quac
694 3942 759 3988 nec
782 3923 898 3991 bonae
929 3944 992 3990 nec
1015 3923 1132 3992 malae
1163 3927 1246 4002 61111,
1277 3923 1445 4010 proferat,

353 4019 415 4087 sed
439 4043 476 4088 se
500 4025 632 4108 ipsam:
665 4047 697 4111 p.
724 4031 787 4094 292
811 4027 853 4094 D.
889 4033 942 4090 τῶν
973 4027 1102 4112 μὲνγὰρ
1134 4027 1226 4114 ἔργων
1254 4026 1370 4099 οὐδενὸς
1400 4029 1446 4091 δεῖ

352 4121 442 4206 αὐτὴν
465 4127 639 4211 δημιουργὸν
663 4129 812 4193 εἶναιτῶν
837 4131 909 4215 μήτε
929 4138 1025 4195 κακῶν
1041 4132 1114 4216 μήτε
1130 4131 1257 4218 ἀγαθῶν,
1283 4131 1445 4216 ἐπιστήμην

352 4227 385 4290 δὲ
407 4231 600 4313 παραδιδόναι
624 4231 768 4318 μηδεμίαν
792 4231 884 4320 ἄλλην
907 4232 926 4318 ἢ
952 4236 1040 4320 αὐτὴν
1066 4236 1179 4322 ἑαυτήν

440 4490 458 4558 ¹)
478 4509 504 4546 ν.
523 4509 552 4560 p.
571 4495 622 4549 282
640 4492 750 4550 Α-Ι).
