3246 5252
697 545 736 608 31

170 729 226 798 fiir
259 727 457 797 Gedanken
487 719 562 797 und
585 727 823 808 Thatsachen,
853 729 991 798 Zahlen
1016 730 1090 799 und
1113 731 1265 813 Namen,

171 835 255 902 aber
278 832 378 902 nicht
409 833 464 901 fiir
493 831 734 902 Geschwtitn.“
784 833 944 920 Optime!
993 833 1063 903 Sed
1087 833 1173 922 quid
1197 857 1263 907 nos

169 936 331 1024 impedit,
374 941 567 1024 quominus
610 938 891 1025 Xenophontem
930 941 1071 1026 scriptis
1111 939 1263 1009 aliorum

171 1043 359 1112 hominum
389 1064 496 1111 usum
527 1064 604 1110 esse
637 1045 848 1130 opinemur?
898 1043 1028 1114 Nonne
1056 1047 1109 1112 ita
1141 1066 1263 1114 omnes

170 1145 403 1215 difficultates
427 1145 596 1215 facillime
620 1147 835 1215 solvuntur?

257 1251 377 1338 Atque
393 1250 574 1337 Xenopho
598 1253 676 1336 ipse
691 1273 758 1320 nos
783 1250 825 1319 de
848 1251 916 1320 hac
940 1273 976 1319 re
999 1254 1038 1320 ln
1062 1251 1172 1322 dubio
1190 1275 1264 1322 non

171 1353 325 1446 reliquit.
383 1353 434 1423 Ut
468 1353 754 1424 Atheniensibus
795 1353 977 1425 Socratem
1016 1355 1263 1428 adulescentes
1337 1367 1339 1376 ’

169 1480 244 1527 non
286 1461 486 1545 corrupisse
518 1459 752 1545 persuaderet
790 1482 905 1546 neque
943 1464 975 1528 ei
1014 1463 1154 1530 crimini
1188 1462 1265 1532 dari

169 1583 287 1650 posse,
312 1561 409 1649 quod
426 1562 555 1632 Critias
573 1571 608 1631 et
620 1563 827 1634 Alcibiades
843 1569 894 1634 rei
908 1564 1075 1652 publicae
1091 1587 1265 1652 magnum

172 1665 424 1738 detrimentum
453 1669 674 1757 intulissent,
706 1668 895 1738 refutanda
925 1674 957 1740 ei
988 1678 1063 1739 erat
1087 1675 1265 1741 sententia

170 1793 191 1840 a
225 1770 349 1840 multis
387 1777 448 1858 ιτῶν
482 1772 652 1858 φασκόντων
686 1772 861 1860 φιλοσοφεῖά
906 1773 1047 1862 prolata
1081 1775 1157 1845 fieri
1192 1799 1264 1845 non

169 1897 287 1962 posse,
318 1884 359 1945 ut
389 1881 452 1963 qui
478 1880 597 1946 iustus
629 1886 732 1957 esset,
766 1877 866 1946 fieret
889 1881 1063 1974 iniustus:
1100 1903 1132 1949 ν.
1157 1879 1262 1950 Μοω.

170 1978 241 2058 12,
267 1985 315 2048 19.
352 1977 423 2053 ἴσως
446 1976 496 2046 οὖν
520 1979 627 2046 εἴποιεν
651 1977 685 2044 ἀν
708 1979 812 2045 πολλοὶ
834 1987 887 2046 τῶν
907 1982 1079 2069 φασκόντων
1095 1989 1264 2072 φιλοσοφεῖν

168 2079 214 2148 ότι
236 2082 290 2148 οὐκ
313 2078 347 2148 ἀν
370 2109 441 2178 ποτε
463 2085 479 2149 ὁ
503 2083 613 2158 δίκαιος
637 2079 737 2158 ἀδικος
760 2086 886 2171 γε’νοιτο,’
907 2085 976 2150 οὐδὲ
999 2086 1015 2151 ὁ
1040 2087 1163 2174 σώφρων
1187 2088 1265 2175 ὑβρι-

170 2186 245 2272 στης,
277 2186 346 2252 οὐδὲ
376 2183 449 2253 ἀλλο
479 2187 564 2253 οὐδὲν
588 2185 626 2254 ὧν
650 2188 773 2275 μάθησίς
797 2192 872 2254 ἐστιν
895 2189 911 2254 ὁ
936 2193 1037 2276 μαθὼν
1060 2191 1264 2278 ἀνεπιστήμων
1307 2249 1310 2254 .

170 2288 206 2356 ἀν
229 2317 300 2356 ποτε
322 2293 440 2378 γένοιτο.
568 2281 574 2291 ’

258 2397 418 2466 Zellerus
456 2397 504 2480 (ll.
528 2397 604 2466 111
635 2421 669 2486 p.
699 2403 774 2478 226,
811 2402 839 2479 1)
875 2399 972 2468 hunc
1006 2399 1126 2471 locum
1162 2423 1262 2489 spec-

170 2508 245 2570 tare
285 2503 377 2571 vidit
432 2501 476 2571 ad
521 2503 787 2582 Antisthenem,
830 2506 892 2590 qui
925 2508 1097 2574 virtutem
1142 2505 1175 2591 pt
1214 2503 1265 2569 ἀσ-

169 2603 284 2688 κήσεως
307 2603 356 2669 καὶ
380 2605 535 2690 μαθήσεως
563 2605 845 2692 παρεσκευασμένηά
879 2609 982 2680 nullo
1014 2609 1120 2678 modo
1148 2612 1265 2679 amitti

168 2731 278 2796 posse
300 2709 461 2786 credidit:
486 2734 518 2779 v.
544 2711 647 2796 Diog.
672 2711 926 2782 LaertV112.
964 2711 1158 2800 ἀναφαίρετον
1175 2711 1263 2778 ὅπλον

169 2812 190 2896 ἡ
235 2811 334 2900 ἀρετὴ.
403 2821 451 2884 13.
502 2817 598 2901 τεῖχος
636 2813 856 2900 ἀσφαλέστατον
901 2816 1053 2903 φρόνησιν·
1099 2817 1172 2902 μήτε
1209 2820 1264 2904 γὰρ

171 2919 323 3004 καταρρεῖν
354 2918 428 3004 μήτε
457 2917 658 3006 προδίδοσθαι.
703 2919 826 3005 Pergit
854 2920 1049 3008 Xenopho,
1079 2921 1262 2993 Socratem

170 3045 209 3090 se
242 3026 468 3093 innocentem
509 3023 630 3104 fuisse,
669 3028 790 3112 ipsum
830 3034 949 3113 aperte
988 3027 1262 3106 demonstrasse,

170 3149 251 3196 cum
282 3127 429 3197 Critiam
457 3136 491 3197 et
515 3128 766 3209 Charmidem„
785 3129 892 3198 duces
917 3133 1067 3216 triginta
1088 3137 1262 3218 tyranno-

168 3253 249 3300 rum
279 3240 424 3320 propter
453 3236 668 3320 pravitatem
698 3240 733 3301 et
756 3236 980 3341 iniustitiam
1010 3238 1134 3305 acerbe
1166 3239 1262 3306 vitu-

168 3344 329 3421 perasset
366 3341 487 3424 itaque
527 3337 649 3407 odium
688 3360 811 3407 eorum
857 3343 895 3407 in
933 3362 971 3408 se
1017 3343 1261 3408 convertisset.

170 3437 269 3519 Quos
301 3461 381 3510 cum
412 3441 547 3511 multos
578 3445 673 3511 cives
701 3446 849 3529 minime
876 3445 1060 3530 improbos
1084 3444 1262 3532 supplicio

169 3542 308 3612 afficere
331 3553 367 3613 et
390 3544 481 3615 alios
507 3555 548 3615 ut
571 3549 707 3615 iniusta
729 3547 884 3615 facerent
912 3547 1094 3632 adhortari
1117 3548 1262 3629 videret,

169 3669 251 3716 eum
275 3651 523 3736 interrogasse,
547 3673 635 3720 num
658 3652 822 3722 mirabile
847 3659 951 3730 esset,
986 3655 1019 3721 si
1050 3656 1130 3740 quis
1152 3655 1263 3723 boum

168 3760 292 3838 pastor
313 3775 457 3839 gregem
481 3754 690 3842 depravaret
713 3757 771 3824 vel
795 3758 825 3823 si
850 3759 930 3843 quis
946 3757 1146 3844 praefectus
1164 3758 1262 3826 urbis

169 3863 308 3926 creatus
340 3861 434 3926 cives
464 3868 703 3947 corrumperet
734 3866 769 3927 et
795 3862 978 3947 improbos
1003 3861 1142 3940 faceret,
1167 3861 1263 3947 quod

170 3963 247 4047 ipse
275 3983 312 4030 se
336 3965 540 4049 improbum
564 3986 641 4032 esse
665 3986 738 4033 non
762 3963 955 4033 fateretur?
1001 3966 1107 4035 Mem.
1124 3966 1142 4035 I
1158 3971 1188 4045 2,
1205 3971 1262 4034 32:

169 4061 233 4126 ἐπεὶ
266 4066 321 4150 ηάρ
349 4065 376 4130 οἱ
404 4066 558 4152 τριάκοντα
587 4067 712 4139 πολλοὺς
744 4065 795 4150 μὲν
825 4074 878 4132 τῶν
906 4074 1027 4134 πολιτῶν
1059 4068 1109 4133 καὶ
1140 4068 1174 4133 οὐ
1198 4071 1263 4141 τοός

169 4165 330 4254 χειρίστους
354 4164 529 4248 ἀπέκτεινον,
553 4172 678 4243 πολλοὺς
702 4170 735 4235 δὲ
751 4172 960 4258 προετρέποντο
976 4172 1095 4250 ἀδικεῖν,
1120 4173 1183 4237 εἶπέ
1206 4199 1261 4236 που

168 4270 186 4334 ὁ
210 4272 367 4359 Σωκράτης
401 4271 445 4338 ότι
475 4275 641 4360 θαυμαστόν
676 4275 704 4339 οἱ
741 4274 842 4360 δοκοίη
876 4277 957 4355 εἶναι,
989 4274 1018 4340 εἴ
1041 4302 1082 4350 τις
1111 4277 1264 4362 γενόμενος

169 4377 243 4462 βοῶν
263 4375 369 4462 ἀγέλης
392 4378 496 4463 νομεὺς
519 4377 568 4443 καὶ
591 4380 641 4451 τάς
665 4381 732 4464 βοῦς
757 4379 893 4454 ἐλάττους
916 4405 948 4444 τε
970 4379 1020 4444 καὶ
1035 4381 1152 4468 χείρους
1175 4387 1263 4445 ποιῶν

168 4481 209 4565 μή
237 4480 393 4567 ὁμολογοίη
421 4483 510 4555 κακὸς
540 4483 678 4568 βουκόλος
714 4484 797 4563 εἶναι,
833 4484 875 4548 ἐ’τι
905 4483 938 4548 δὲ
962 4484 1202 4571 θαυμαστότερον,
1238 4483 1267 4548 εἴ
