3246 5252
629 509 776 580 .45

203 719 251 766 ex
280 697 391 766 simili
425 695 592 765 Convivii
636 695 714 766 loeo
751 702 937 783 sumptum
976 685 1011 764 et
1043 699 1085 765 in
1117 697 1301 773 rhetorum

167 885 169 890 Ι
204 801 352 872 modum
381 799 640 888 amplificatum
667 821 761 868 esse:
796 799 848 868 IV
872 804 922 868 25.
956 799 1050 864 καίτοι
1065 800 1099 884 νὴ
1123 800 1190 872 τοδς
1205 802 1299 876 θεοὺς,

203 900 230 968 ὦ
251 901 360 990 ἀνδρες,
389 907 470 970 δοκεῖ
491 903 539 989 μυί
562 903 597 988 γ’,
628 903 695 990 έφη,
722 902 760 976 ὡς
784 907 813 968 ἐν
836 902 905 988 ἡμῖν
928 903 1024 976 αὐτοῖς
1049 905 1193 989 εἰρῆσθαι,
1218 901 1301 978 οὗτος

202 1008 255 1074 καὶ
278 1010 469 1096 πεφιληκέναι
497 1009 546 1072 τδν
569 1007 719 1074 Κλεινίαν·
753 1004 787 1072 οὗ
816 1007 922 1094 ’έρωτος
952 1007 1035 1072 οὐδέν
1058 1011 1119 1072 ἐστι
1142 1009 1301 1096 δεινότερον

207 1113 390 1198 ὑπέκκαυμα.
449 1110 499 1175 καί
532 1113 587 1198 γάρ
622 1107 769 1196 ἄπληστον
810 1110 859 1176 καί
902 1109 1021 1184 ἐλπίδας
1056 1112 1134 1184 τινάς
1167 1112 1302 1198 γλυκείας

202 1218 419 1304 παρέχει...
452 1211 488 1281 οὗ
520 1217 606 1280 ἕνεκα
642 1215 784 1304 ἀφεκτέον
808 1215 876 1301 ,ἐγώ
909 1241 984 1302 φημι
1025 1217 1098 1281 εἶναι
1128 1218 1301 1303 φιλημάτων

201 1320 319 1408 ὡραίων
342 1329 383 1409 τῷ
403 1325 560 1408 σωφρονεῖν
584 1321 778 1406 δυνησομένῳ.
805 1357 847 1368 -
877 1321 1054 1408 Equidem
1079 1322 1181 1392 aliter
1205 1323 1299 1394 diiu-

204 1426 297 1505 dinn,
331 1447 410 1494 eum
441 1427 721 1513 Xenophontem
749 1428 819 1494 hoe
852 1426 931 1494 loeo
968 1448 1049 1494 eum
1081 1427 1300 1497 Antisthene

204 1538 330 1598 eontra
352 1529 542 1600 Platonem
566 1540 659 1598 stare
682 1531 773 1598 mihi
795 1529 942 1614 fingam,
976 1535 1069 1612 inter
1102 1553 1192 1618 quos
1221 1553 1298 1600 ma-

202 1655 316 1718 gnam
336 1634 378 1703 de
400 1636 469 1704 hae
492 1657 528 1703 re
553 1635 829 1722 discrepantiam
848 1637 1030 1706 exstitisse
1053 1658 1157 1704 nemo
1175 1641 1297 1705 noscit.

205 1739 297 1808 Cum
337 1743 432 1808 enim
473 1741 531 1810 hio
572 1759 796 1807 communem
833 1738 1049 1808 Graeeorum
1083 1744 1299 1810 sententiam

204 1852 351 1912 seeutus
375 1844 467 1912 nihil
496 1843 632 1913 sordidi
650 1865 841 1930 puerorum
866 1847 978 1912 amori
1001 1849 1119 1913 inesse
1147 1851 1299 1932 putaret,

203 1948 267 2018 ille
304 1951 531 2018 acerbissime
559 1970 640 2016 eum
664 1935 893 2036 impugnabit
919 1955 1138 2035 naturaeque
1169 1953 1299 2020 vitium

204 2057 364 2122 voeavit:
398 2077 431 2121 ν.
458 2052 567 2138 Ciam.
600 2052 703 2122 Alex.
737 2050 934 2122 stromfl.
967 2058 1009 2122 20
1038 2075 1071 2140 p.
1104 2057 1169 2122 485
1202 2053 1296 2124 Pott.

203 2157 262 2241 ἐγὼ
282 2155 314 2220 δέ
337 2155 524 2244 ἀποδέχομαι
547 2155 594 2219 τδν
615 2154 805 2240 Ἀντισθένην,
837 2156 888 2240 την
909 2154 1079 2244 Ἀφροδίτην
1102 2158 1223 2242 λέγοντα
1246 2155 1299 2222 κάν

203 2261 463 2346 κατατοξεύσαιμι,
478 2261 503 2324 εἰ
524 2259 651 2346 λάβοιμι,
685 2257 728 2324 ὅτι
751 2261 862 2333 πολλάς
884 2261 965 2346 ἡμῶν
988 2262 1085 2334 καλάς.
1104 2259 1154 2326 καί
1181 2260 1299 2346 ἀγαθάς

201 2370 338 2450 γυναῖκας
369 2365 543 2452 διέφθειρεν,
578 2363 626 2428 τόν
657 2389 688 2427 τε
715 2364 810 2450 έρωτα
843 2364 948 2429 κακίαν
982 2364 1054 2451 φησί
1088 2365 1220 2452 φάσεως·
1264 2361 1299 2450 ἧς

203 2466 305 2554 ἥττους
321 2465 399 2541 ὄντες
423 2469 450 2533 οἱ
473 2467 683 2553 κακοδαίμονες
704 2470 769 2533 θεὸν
792 2471 843 2554 τὴν
866 2469 949 2534 νόσον
973 2475 1125 2534 καλοῦσιν·
1154 2468 1298 2534 δείκνυται

203 2574 260 2660 γάρ
284 2574 332 2638 διά
355 2573 464 2638 τούτων
486 2573 633 2656 ἡττᾶσθαι
655 2573 721 2645 τοδς
745 2573 959 2660 ἀμαθεστέρους
989 2573 1022 2640 δι’
1050 2569 1168 2658 ἀγνοιαν
1191 2574 1297 2660 ἡδονῆς

203 2674 239 2762 ἣν
271 2677 305 2742 od
338 2678 397 2764 χρη
421 2677 594 2764 προσίεσθαι
616 2673 670 2742 κάν
705 2679 769 2749 θεὸς
799 2677 928 2761 λέγηται,
958 2679 1088 2744 τοῦτέστι
1115 2675 1168 2743 κάν
1199 2678 1296 2746 θεόθεν

204 2777 253 2846 ἐπὶ
279 2782 330 2866 τὴν
357 2789 409 2866 τῆς
432 2779 617 2854 παιδοποιίας
651 2780 764 2868 χρείανΙ
783 2782 925 2866 δεδομένη
953 2782 1092 2869 τυγχάνη.
1126 2821 1169 2830 -
1204 2790 1221 2861 ἓ
1247 2792 1295 2854 14,

206 2886 369 2956 Socrates
408 2890 648 2956 necessarium
689 2887 877 2974 profitetur
920 2889 990 2957 sibi
1031 2887 1159 2968 videri,
1201 2889 1297 2976 quod
1401 2947 1404 2956 ,

204 2990 414 3062 hominibus
444 2991 639 3077 eupiditate
674 2991 899 3061 ooneubandi
921 2992 1160 3076 flagrantibus
1187 2993 1296 3062 iiiam

204 3099 333 3164 satiare
356 3095 479 3164 lineat:
511 3093 588 3159 οὕτω
619 3095 655 3179 δὴ
685 3093 734 3158 καὶ
758 3094 974 3182 ἀφροδισιάζειν
1004 3096 1070 3167 τοὺς
1093 3097 1133 3181 μὴ
1158 3095 1297 3184 ἀσφαλῶς

201 3197 323 3284 ἔχοντας
344 3201 414 3285 πρὸς
438 3198 594 3286 ἀφροδίσια
618 3195 690 3285 ᾤετο
712 3207 819 3287 χρῆναι
842 3202 913 3286 πρὸς
927 3206 1055 3278 τοιαῦτα,
1086 3199 1134 3265 οἷα
1158 3201 1198 3286 μὴ
1221 3201 1296 3266 πάνυ

204 3301 256 3386 μέν
272 3303 409 3387 δεομένου
432 3309 483 3368 τοῦ
507 3304 640 3388 σώματος
663 3304 716 3369 οὐκ
740 3302 774 3368 ἀν
790 3304 976 3390 προσδέξαιτο
1000 3303 1019 3388 ἡ
1043 3303 1133 3392 ψυχή,
1157 3305 1295 3390 δεομένου

201 3404 235 3470 δὲ
269 3405 322 3470 οὐκ
342 3395 390 3471 Ιἀν
418 3407 576 3494 πράγματα
604 3409 738 3495 παρέχοι.
790 3409 971 3478 Persimili
1001 3413 1138 3479 ratione
1167 3410 1294 3478 Antis-

202 3511 328 3580 thenes
353 3516 478 3592 suasit,
507 3511 650 3599 qnando
675 3535 804 3601 eorpus
835 3519 885 3582 rei
907 3536 1077 3584 venereae
1108 3513 1294 3599 indigeret,

202 3622 243 3683 ut
273 3620 471 3684 meretrioes
509 3616 705 3696 adiremus,
742 3622 874 3706 qnippe
912 3641 992 3686 enm
1027 3618 1156 3686 melius
1190 3628 1294 3697 esset,

202 3741 285 3788 oum
309 3720 382 3789 iliis
407 3743 473 3790 nos
498 3724 708 3802 ooneubara
733 3745 839 3810 quam
864 3726 994 3793 amoris
1020 3744 1129 3820 eausa
1151 3723 1293 3793 iabores

201 3844 242 3891 ae
276 3826 438 3911 pericula
479 3831 658 3914 suscipere
697 3831 818 3914 itaque
858 3827 1059 3914 prohiberi,
1100 3829 1292 3913 quominus

201 3931 341 3998 animos
386 3929 432 3998 ad
468 3934 636 3999 virtutem
676 3930 951 4002 intenderemus.
1004 3932 1184 4018 Xenopho
1216 3935 1293 4019 ipse

201 4053 241 4100 eo
278 4031 374 4119 qnod
405 4035 498 4105 hane
528 4034 654 4121 Cynici
689 4034 789 4104 iliius
825 4039 1043 4104 sententiam
1076 4035 1219 4114 laudat,
1255 4058 1293 4104 se

201 4156 279 4212 eam
313 4140 487 4224 probasse
526 4145 690 4208 certiores
734 4161 800 4208 nos
841 4141 937 4208 feeit:
997 4140 1107 4210 Conv.
1149 4139 1200 4208 IV
1240 4146 1290 4209 38.

199 4239 235 4326 ἤν
258 4242 291 4305 δέ
313 4267 383 4308 ποτε
406 4241 455 4307 καὶ
478 4243 685 4330 ἀφροδισιάσαι
708 4243 739 4305 τδ
763 4243 846 4328 σῶμοί
872 4269 928 4328 μου
952 4248 1053 4330 δεηθῇ,
1089 4239 1166 4308 οὕτω
1190 4269 1238 4328 μοι
1261 4244 1293 4307 τὸ

199 4345 291 4430 παρὸν
315 4344 405 4432 ἀρκεῖ,
435 4343 508 4411 ὥστε
537 4347 581 4420 αἷς
611 4344 646 4411 ἀν
674 4347 825 4432 προσέλθοι
850 4346 1101 4434 δπερασπάζυνταί
1130 4373 1166 4432 με
1189 4348 1237 4412 διά
1260 4350 1294 4411 τὸ

201 4449 311 4533 μηδένα
345 4446 433 4514 ἀλλον
469 4450 569 4524 αὐταῖς
604 4451 713 4516 ἐθέλειν
747 4451 903 4536 προσιέναι.
965 4452 1109 4522 Certum
1140 4453 1292 4539 denique
