3246 5252
887 521 928 583 38

361 709 561 793 sapientem
585 728 605 774 a
629 707 782 784 nemine,
805 714 846 772 ut
869 726 959 791 quae
983 705 1074 772 nolit
1096 705 1213 783 faciat.
1232 709 1312 790 cogi
1335 725 1453 792 posse,

362 832 444 878 cum
482 816 633 878 mortem
677 805 904 878 contemnatv
931 817 966 877 et
1010 809 1088 893 lege
1133 817 1283 878 naturae
1329 832 1452 878 omncs

361 916 525 984 homines
580 914 650 983 sibi
702 915 882 982 subiectos
928 913 1068 982 habeat.
1141 913 1452 995 Quemadmodum

362 1023 458 1088 enim
494 1021 592 1102 gregi
626 1027 748 1106 pastor
777 1021 931 1104 praesit,
967 1021 1017 1085 ita
1041 1019 1150 1102 vulgo
1179 1021 1338 1105 principe
1364 1041 1452 1106 opus

361 1146 456 1203 esse;
480 1124 577 1192 hunc
602 1130 721 1191 autem
746 1144 823 1190 esse
839 1125 1046 1209 sapientem.
1093 1120 1290 1191 Homerum
1308 1123 1451 1209 quidem

361 1250 461 1314 reges
478 1249 611 1296 ‚vocare
626 1237 787 1314 pastores
804 1226 942 1313 popuii,
966 1225 1028 1294 sed
1054 1247 1074 1293 a
1097 1234 1226 1294 natura
1241 1227 1309 1297 hoc
1322 1248 1452 1296 nomen

277 1393 279 1396 .
361 1331 582 1400 vindicatum
616 1353 694 1399 csse
723 1333 833 1400 bonis
858 1334 960 1400 riris:
996 1353 1028 1398 v.
1060 1353 1093 1418 p.
1120 1335 1184 1400 450
1208 1331 1259 1400 ed.
1285 1333 1449 1419 Mangey.

361 1435 431 1520 πρὸς
454 1433 571 1508 οὐδενός
594 1431 644 1498 οὖν
679 1434 875 1520 ἀναγκάζεται
909 1431 961 1499 άτε
993 1435 1258 1520 καταπεφρονηκὼς
1289 1435 1341 1520 μέν
1365 1435 1452 1520 ἀλγη·

361 1539 452 1604 δόνων
496 1540 760 1626 καταπεφρονηκὼς
784 1539 816 1604 δέ
840 1539 970 1615 θανάτον,
995 1537 1082 1632 νόμῳ
1113 1539 1145 1602 ὖὲ
1169 1539 1285 1624 φόσεως
1309 1539 1452 1623 ὑπηκόους

361 1643 440 1730 έχων
462 1643 571 1715 πάντας
595 1640 730 1730 άφρονας.
795 1643 889 1729 Ονπερ
912 1643 967 1728 γὰρ
991 1643 1095 1728 τρόπον
1119 1645 1208 1728 αῖγῶν
1231 1642 1282 1727 μέν
1305 1643 1353 1708 καὶ
1381 1647 1452 1730 βοῶν

282 1729 286 1740 ¹
361 1747 409 1812 καὶ
433 1747 587 1834 προβάτων
611 1749 727 1813 αἰπόλοι
755 1745 804 1810 καί
827 1745 963 1832 βουκόλοι
986 1745 1035 1810 καὶ
1068 1752 1162 1832 νομεῖς
1186 1747 1375 1834 ἀφηγοῦνται,
1402 1750 1454 1821 τοῖς

361 1851 496 1936 δ’άγέλας
528 1851 680 1938 ἀμήχανον
712 1851 843 1924 ἐπιτάξαι
876 1851 1005 1936 ποιμέσι·
1045 1850 1164 1915 καὶτὸν
1189 1851 1276 1915 αὐτόν
1299 1853 1403 1939 τρόπον
1426 1854 1454 1918 οἱ

360 1956 413 2042 μέν
436 1954 537 2020 πολλοὶ
562 1957 719 2042 θρέμμασιν
743 1956 869 2028 ἐοικότες
901 1956 1054 2020 ἐπιστάτου
1089 1954 1138 2020 καὶ
1162 1951 1301 2043 άρχοντος
1325 1959 1455 2022 δέονται·

361 2061 501 2146 ἡγεμόνες
525 2061 547 2125 δ’
568 2059 638 2124 εἰσίν
661 2061 688 2123 οἱ
711 2060 830 2137 ἀστεῖοι,
854 2063 905 2144 τὴν
928 2068 981 2124 τῶν
998 2061 1169 2148 ἀγελαρχῶν
1185 2062 1353 2147 τεταγμένοι
1368 2063 1455 2136 τάξιν.

353 2162 486 2251 Ὅμηρος
517 2165 568 2251 μέν
600 2161 649 2230 οὖν
673 2167 811 2250 ποιμένας
842 2171 919 2229 λαῶν
944 2162 1030 2229 εἴωθε
1053 2169 1151 2228 καλεῖν
1174 2166 1239 2237 τοὺς
1264 2167 1410 2251 βασιλέας,
1435 2164 1454 2251 ἡ

361 2269 393 2334 δὲ
417 2270 500 2356 φόσις
530 2274 587 2346 τοῖς
615 2271 738 2356 ἀγαθοῖς
767 2269 936 2356 κυριώτερον
964 2267 1042 2332 τούπί
1065 2265 1191 2353 τοόνομα
1216 2271 1403 2357 ἐπεφήμισεν,
1429 2269 1458 2335 εἴ

360 2374 382 2458 γ’
410 2377 515 2438 ἐκεῖνοι
537 2375 736 2459 ποιμαίνονται
759 2376 791 2439 τὸ
815 2359 902 2438 πλέον
926 2370 946 2457 ἢ
970 2370 1177 2456 ποιμαίνουσιν,
1224 2373 1322 2455 Quae
1346 2379 1455 2446 verba

349 2479 409 2547 ¹ad
438 2481 692 2549 Antisthenem
726 2479 910 2548 referenda
942 2501 1019 2545 esse
1055 2501 1134 2546 cunr
1166 2478 1271 2548 Plato
1304 2489 1455 2549 testatur

362 2591 441 2653 tum
465 2591 589 2654 auctor
604 2586 714 2653 huius
736 2583 852 2653 libelli
876 2587 952 2670 ipse
968 2581 1096 2669 prodit.
1144 2584 1334 2652 Artissime
1359 2588 1454 2654 enim

362 2690 553 2776 cohaerent
576 2711 656 2756 curn
674 2688 800 2775 Cynici
823 2688 923 2782 illius
942 2686 1047 2766 dioto,
1072 2686 1285 2770 δυσβάστακτα
1309 2689 1382 2752 εἶναι
1404 2689 1453 2752 τὸν

361 2791 482 2867 ἀστεῖον,
507 2792 603 2878 quod
625 2794 750 2878 paucis
774 2794 938 2860 versibus
964 2799 1045 2859 ante
1068 2790 1244 2859 laudatur.

448 2895 618 2982 Sequitur
657 2905 906 2980 argumentum
956 2894 1047 2963 illud
1098 2917 1118 2962 a
1157 2895 1302 2981 Cynicis
1348 2895 1453 2963 valde

360 3023 535 3088 pressum,
561 3001 655 3086 quod
678 3005 822 3087 sapiens
847 3021 927 3069 cum
945 2999 1013 3068 diis
1031 3003 1134 3086 quasi
1148 3005 1269 3086 aequis
1297 3003 1452 3068 amicitia

360 3109 573 3175 coniunctus
611 3109 666 3173 sit.
735 3103 822 3174 Inde
854 3107 1107 3190 consequitur,
1154 3127 1234 3173 cum
1270 3104 1320 3172 dii
1354 3125 1450 3174 com·

362 3210 477 3279 modis
503 3210 636 3278 sodalis
662 3233 800 3296 semper
824 3211 956 3294 ubique
993 3211 1124 3294 optime
1154 3213 1385 3294 prospiciant,
1413 3218 1453 3276 ut

361 3314 451 3384 liber
475 3322 509 3380 et
531 3317 658 3383 beatus
692 3317 739 3382 sit
763 3313 875 3398 deque
905 3313 1071 3382 omnibus
1102 3313 1315 3381 mortalibus
1339 3315 1450 3398 impe-

361 3421 453 3486 rium
477 3424 613 3486 teneat:
649 3441 682 3504 p.
708 3421 838 3497 451152.
872 3417 942 3502 πρὸς
965 3417 1076 3487 τούτοις
1104 3415 1146 3480 ἐ’τι
1169 3415 1223 3479 οὐκ
1253 3413 1288 3479 ἂν
1315 3413 1391 3479 εἴποι
1413 3440 1454 3487 τις

360 3521 426 3592 τοὺς
441 3519 541 3606 φίλους
557 3527 607 3584 τοῦ
619 3525 688 3584 θεοῦ
705 3522 872 3606 ἐλευθέρους
895 3521 983 3598 εἷναι;
1008 3521 1032 3583 εἰ
1049 3521 1089 3604 μη
1105 3523 1162 3592 τοῖς
1179 3519 1230 3604 μέν
1243 3525 1296 3582 τῶν
1309 3519 1452 3603 βασιλέων

362 3623 485 3710 ἑταίροις
513 3620 589 3697 άξιον
625 3625 709 3709 μόνον
745 3624 910 3710 ἐλευθερίαν
941 3623 1018 3688 ἀλλά
1053 3622 1101 3687 καὶ
1125 3624 1219 3710 ἀρχὴν
1243 3627 1452 3708 συνομολογεῖν,

362 3727 631 3813 συνεπιτροπεόουσι
661 3728 710 3792 καί
734 3729 915 3793 σονῦιέπουσι
948 3734 999 3812 την
1032 3727 1200 3812 ἡγεμονίαν·
1234 3731 1292 3799 τοῖς
1320 3727 1353 3791 δέ
1384 3733 1453 3792 θεῶν

359 3839 413 3897 τῶν
433 3831 602 3916 Ὀλυμπίων
626 3833 759 3897 δουλείαν
783 3833 997 3920 έπιφημιστέον,
1029 3833 1057 3896 οἳ
1079 3835 1127 3896 διὰ
1151 3833 1183 3896 τὸ
1207 3832 1341 3918 φιλόθεον
1365 3830 1454 3904 stade

361 3937 510 4022 γενόμενοι
543 3942 695 4022 θεοφιλεῖς,
737 3935 787 4022 ἴση
822 3937 1050 4021 άντιτιμηθέντες
1085 3936 1192 4022 εὐνοία,
1227 3934 1292 4022 παρ’
1330 3935 1454 4021 ἀληθείᾳ

362 4041 531 4126 ὂικαζοόση,
555 4039 687 4126 καθάπερ
704 4042 730 4105 οῖ
747 4041 864 4126 ποιηταί
881 4068 961 4128 φασι,
985 4041 1182 4128 πανάρχοντές
1197 4066 1229 4104 τε
1245 4041 1293 4106 καὶ
1310 4042 1454 4130 βασιλέων

361 4145 498 4231 βασιληές
522 4147 584 4210 εἰσι.

448 4249 564 4318 Multa
587 4259 767 4336 praetcrea
790 4258 934 4319 exstant
957 4259 1167 4334 argumenta
1190 4253 1226 4318 in
1258 4252 1327 4319 hoc
1350 4249 1454 4328 libro,

363 4375 453 4440 quae
477 4357 553 4421 sine
578 4354 687 4423 dubio
704 4354 864 4442 produnt
875 4354 1048 4440 Cynicam
1067 4358 1249 4438 originem.
1296 4355 1339 4424 In
1355 4355 1454 4422 hisce

361 4480 508 4527 numero
534 4459 698 4545 exempla
715 4461 758 4528 ab
777 4459 908 4527 Indicis
931 4461 1244 4546 gymnosophistis
1262 4480 1454 4545 eorumque
