<?xml version="1.0" encoding="UTF-8"?>
<!DOCTYPE html PUBLIC "-//W3C//DTD XHTML 1.0 Transitional//EN"
    "http://www.w3.org/TR/xhtml1/DTD/xhtml1-transitional.dtd">
<html xmlns="http://www.w3.org/1999/xhtml" xml:lang="en" lang="en">
 <head>
  <title>
</title>
<meta http-equiv="Content-Type" content="text/html;charset=utf-8" />
  <meta name='ocr-system' content='tesseract 3.04.00' />
  <meta name='ocr-capabilities' content='ocr_page ocr_carea ocr_par ocr_line ocrx_word'/>
</head>
<body>
  <div class='ocr_page' id='page_1' title='image "./quidxenophocomm00gerhgoog_0030.png"; bbox 0 0 3246 5252; ppageno 0'>
   <div class='ocr_carea' id='block_1_1' title="bbox 730 587 770 650">
    <p class='ocr_par' dir='ltr' id='par_1_1' title="bbox 692 553 770 650">
     <span class='ocr_line' id='line_1_1' title="bbox 730 587 770 650; baseline 0 0"><span class='ocrx_word' id='word_1_1' title='bbox 730 587 770 650; x_wconf 82' lang='lat' dir='ltr'>rr</span> 
     </span>
    </p>
   </div>
   <div class='ocr_carea' id='block_1_2' title="bbox 206 774 1388 1279">
    <p class='ocr_par' dir='ltr' id='par_1_2' title="bbox 206 774 1388 966">
     <span class='ocr_line' id='line_1_2' title="bbox 206 774 1388 860; baseline -0.003 -16"><span class='ocrx_word' id='word_1_2' title='bbox 206 774 299 844; x_wconf 81' lang='lat' dir='ltr'><strong>didit</strong></span> <span class='ocrx_word' id='word_1_3' title='bbox 322 783 531 860; x_wconf 83' lang='lat' dir='ltr'>argumenta</span> <span class='ocrx_word' id='word_1_4' title='bbox 565 782 640 844; x_wconf 88' lang='lat' dir='ltr'>tam</span> <span class='ocrx_word' id='word_1_5' title='bbox 673 775 769 845; x_wconf 86' lang='lat' dir='ltr'>levia</span> <span class='ocrx_word' id='word_1_6' title='bbox 804 797 844 844; x_wconf 90' lang='lat' dir='ltr'>ac</span> <span class='ocrx_word' id='word_1_7' title='bbox 880 774 1015 845; x_wconf 85' lang='lat' dir='ltr'>caduca</span> <span class='ocrx_word' id='word_1_8' title='bbox 1039 783 1135 855; x_wconf 74' lang='lat' dir='ltr'>sunt,</span> <span class='ocrx_word' id='word_1_9' title='bbox 1167 783 1207 842; x_wconf 88' lang='lat' dir='ltr'>ut</span> <span class='ocrx_word' id='word_1_10' title='bbox 1239 774 1304 840; x_wconf 85' lang='lat' dir='ltr'>vix</span> <span class='ocrx_word' id='word_1_11' title='bbox 1387 795 1388 802; x_wconf 51' lang='lat'>¹</span> 
     </span>
     <span class='ocr_line' id='line_1_3' title="bbox 209 877 1068 966; baseline 0.003 -20"><span class='ocrx_word' id='word_1_12' title='bbox 209 877 317 964; x_wconf 86' lang='lat' dir='ltr'>digna</span> <span class='ocrx_word' id='word_1_13' title='bbox 341 883 423 958; x_wconf 75' lang='lat' dir='ltr'>sint,</span> <span class='ocrx_word' id='word_1_14' title='bbox 449 901 538 966; x_wconf 88' lang='lat' dir='ltr'>quae</span> <span class='ocrx_word' id='word_1_15' title='bbox 561 879 779 949; x_wconf 75' lang='lat' dir='ltr'>refellantur.</span> <span class='ocrx_word' id='word_1_16' title='bbox 1067 959 1068 966; x_wconf 13' lang='lat'>¹</span> 
     </span>
    </p>

    <p class='ocr_par' dir='ltr' id='par_1_3' title="bbox 206 983 1304 1279">
     <span class='ocr_line' id='line_1_4' title="bbox 293 983 1303 1071; baseline -0.002 -19"><span class='ocrx_word' id='word_1_17' title='bbox 293 985 347 1052; x_wconf 92' lang='lat' dir='ltr'>Ac</span> <span class='ocrx_word' id='word_1_18' title='bbox 381 987 537 1071; x_wconf 89' lang='lat' dir='ltr'>primum</span> <span class='ocrx_word' id='word_1_19' title='bbox 573 985 716 1070; x_wconf 90' lang='lat' dir='ltr'>quidem</span> <span class='ocrx_word' id='word_1_20' title='bbox 752 983 945 1066; x_wconf 71' lang='lat' dir='ltr'>contendit,</span> <span class='ocrx_word' id='word_1_21' title='bbox 980 984 1100 1064; x_wconf 81' lang='lat' dir='ltr'>verba,</span> <span class='ocrx_word' id='word_1_22' title='bbox 1137 1004 1226 1069; x_wconf 88' lang='lat' dir='ltr'>quae</span> <span class='ocrx_word' id='word_1_23' title='bbox 1264 985 1303 1051; x_wconf 91' lang='lat' dir='ltr'>in</span> 
     </span>
     <span class='ocr_line' id='line_1_5' title="bbox 207 1083 1304 1175; baseline -0.006 -19"><span class='ocrx_word' id='word_1_24' title='bbox 207 1084 346 1175; x_wconf 65' lang='lat' dir='ltr'>paragr.</span> <span class='ocrx_word' id='word_1_25' title='bbox 373 1095 389 1155; x_wconf 90' lang='lat'>1</span> <span class='ocrx_word' id='word_1_26' title='bbox 423 1089 606 1174; x_wconf 80' lang='lat' dir='ltr'>leguntur:</span> <span class='ocrx_word' id='word_1_27' title='bbox 644 1089 676 1152; x_wconf 77' lang='grc' dir='ltr'>τὸ</span> <span class='ocrx_word' id='word_1_28' title='bbox 709 1086 760 1172; x_wconf 82' lang='grc' dir='ltr'>μὲν</span> <span class='ocrx_word' id='word_1_29' title='bbox 789 1083 839 1153; x_wconf 76' lang='grc' dir='ltr'>οὖν</span> <span class='ocrx_word' id='word_1_30' title='bbox 870 1090 1018 1160; x_wconf 74' lang='grc' dir='ltr'>λεκτικοὺς</span> <span class='ocrx_word' id='word_1_31' title='bbox 1049 1085 1099 1153; x_wconf 79' lang='grc' dir='ltr'>καὶ</span> <span class='ocrx_word' id='word_1_32' title='bbox 1130 1087 1304 1174; x_wconf 77' lang='grc' dir='ltr'>πρακτικοὺς</span> 
     </span>
     <span class='ocr_line' id='line_1_6' title="bbox 206 1189 1303 1279; baseline 0.002 -25"><span class='ocrx_word' id='word_1_33' title='bbox 206 1189 256 1254; x_wconf 82' lang='grc' dir='ltr'>καὶ</span> <span class='ocrx_word' id='word_1_34' title='bbox 291 1193 470 1279; x_wconf 82' lang='grc' dir='ltr'>μηχανικοδς</span> <span class='ocrx_word' id='word_1_35' title='bbox 510 1189 661 1277; x_wconf 69' lang='grc' dir='ltr'>γίγνεσθαι</span> <span class='ocrx_word' id='word_1_36' title='bbox 694 1193 759 1264; x_wconf 78' lang='grc' dir='ltr'>τοὺς</span> <span class='ocrx_word' id='word_1_37' title='bbox 794 1193 929 1264; x_wconf 69' lang='grc' dir='ltr'>συνόντας</span> <span class='ocrx_word' id='word_1_38' title='bbox 963 1190 1017 1258; x_wconf 78' lang='grc' dir='ltr'>οὐκ</span> <span class='ocrx_word' id='word_1_39' title='bbox 1046 1192 1192 1270; x_wconf 76' lang='grc' dir='ltr'>ἔσπευδεν,</span> <span class='ocrx_word' id='word_1_40' title='bbox 1227 1191 1303 1256; x_wconf 81' lang='grc' dir='ltr'>ἀλλὰ</span> 
     </span>
    </p>
   </div>
   <div class='ocr_carea' id='block_1_3' title="bbox 207 1293 1428 1383">
    <p class='ocr_par' dir='ltr' id='par_1_4' title="bbox 207 1293 1428 1383">
     <span class='ocr_line' id='line_1_7' title="bbox 207 1293 1428 1383; baseline 0 -23"><span class='ocrx_word' id='word_1_41' title='bbox 207 1294 345 1382; x_wconf 83' lang='grc' dir='ltr'>πρότερον</span> <span class='ocrx_word' id='word_1_42' title='bbox 382 1295 492 1361; x_wconf 75' lang='grc' dir='ltr'>τούτων</span> <span class='ocrx_word' id='word_1_43' title='bbox 525 1293 598 1383; x_wconf 81' lang='grc' dir='ltr'>ᾤετο</span> <span class='ocrx_word' id='word_1_44' title='bbox 636 1303 744 1383; x_wconf 76' lang='grc' dir='ltr'>χρῆναι</span> <span class='ocrx_word' id='word_1_45' title='bbox 778 1296 968 1383; x_wconf 74' lang='grc' dir='ltr'>σωφροσύνην</span> <span class='ocrx_word' id='word_1_46' title='bbox 1003 1295 1099 1368; x_wconf 79' lang='grc' dir='ltr'>αὐτοῖς</span> <span class='ocrx_word' id='word_1_47' title='bbox 1135 1296 1305 1380; x_wconf 72' lang='grc' dir='ltr'>ἐγγενέσθαι</span> <span class='ocrx_word' id='word_1_48' title='bbox 1386 1300 1391 1306; x_wconf 77' lang='grc'><strong>”</strong></span> <span class='ocrx_word' id='word_1_49' title='bbox 1421 1331 1428 1352; x_wconf 67' lang='grc' dir='ltr'>ν</span> 
     </span>
    </p>
   </div>
   <div class='ocr_carea' id='block_1_4' title="bbox 123 1397 1358 4618">
    <p class='ocr_par' dir='ltr' id='par_1_5' title="bbox 123 1397 1314 2530">
     <span class='ocr_line' id='line_1_8' title="bbox 206 1397 1305 1488; baseline -0.004 -20"><span class='ocrx_word' id='word_1_50' title='bbox 206 1421 368 1488; x_wconf 83' lang='lat' dir='ltr'>pugnare</span> <span class='ocrx_word' id='word_1_51' title='bbox 409 1423 489 1469; x_wconf 89' lang='lat' dir='ltr'>curn</span> <span class='ocrx_word' id='word_1_52' title='bbox 528 1401 633 1470; x_wconf 89' lang='lat' dir='ltr'>Mem.</span> <span class='ocrx_word' id='word_1_53' title='bbox 676 1403 694 1470; x_wconf 94' lang='grc' dir='ltr'>Ι</span> <span class='ocrx_word' id='word_1_54' title='bbox 727 1407 759 1481; x_wconf 78' lang='lat'>2,</span> <span class='ocrx_word' id='word_1_55' title='bbox 802 1407 859 1470; x_wconf 77' lang='lat'>17:</span> <span class='ocrx_word' id='word_1_56' title='bbox 905 1399 975 1473; x_wconf 82' lang='grc' dir='ltr'>ἴσως</span> <span class='ocrx_word' id='word_1_57' title='bbox 1006 1397 1056 1466; x_wconf 77' lang='grc' dir='ltr'>οὖν</span> <span class='ocrx_word' id='word_1_58' title='bbox 1088 1397 1164 1464; x_wconf 79' lang='grc' dir='ltr'>εἴποι</span> <span class='ocrx_word' id='word_1_59' title='bbox 1196 1425 1237 1473; x_wconf 81' lang='grc' dir='ltr'>τις</span> <span class='ocrx_word' id='word_1_60' title='bbox 1269 1397 1305 1465; x_wconf 82' lang='grc' dir='ltr'>ἂν</span> 
     </span>
     <span class='ocr_line' id='line_1_9' title="bbox 123 1497 1305 1592; baseline 0.002 -25"><span class='ocrx_word' id='word_1_61' title='bbox 123 1497 131 1505; x_wconf 69' lang='grc'><strong>’</strong></span> <span class='ocrx_word' id='word_1_62' title='bbox 207 1503 278 1590; x_wconf 81' lang='grc' dir='ltr'>πρὸς</span> <span class='ocrx_word' id='word_1_63' title='bbox 312 1509 404 1568; x_wconf 84' lang='grc' dir='ltr'>ταῦτα</span> <span class='ocrx_word' id='word_1_64' title='bbox 437 1501 481 1568; x_wconf 73' lang='grc' dir='ltr'>δτι</span> <span class='ocrx_word' id='word_1_65' title='bbox 514 1508 605 1592; x_wconf 76' lang='grc' dir='ltr'>ἐχρῆν</span> <span class='ocrx_word' id='word_1_66' title='bbox 627 1507 676 1569; x_wconf 83' lang='grc' dir='ltr'>τὸν</span> <span class='ocrx_word' id='word_1_67' title='bbox 699 1506 842 1592; x_wconf 81' lang='grc' dir='ltr'>Σωκράτη</span> <span class='ocrx_word' id='word_1_68' title='bbox 874 1505 914 1589; x_wconf 79' lang='grc' dir='ltr'>μὴ</span> <span class='ocrx_word' id='word_1_69' title='bbox 944 1504 1083 1592; x_wconf 83' lang='grc' dir='ltr'>πρότερον</span> <span class='ocrx_word' id='word_1_70' title='bbox 1112 1505 1148 1568; x_wconf 82' lang='grc' dir='ltr'>τοὶ</span> <span class='ocrx_word' id='word_1_71' title='bbox 1171 1505 1305 1570; x_wconf 77' lang='grc' dir='ltr'>πολιτικοὶ</span> 
     </span>
     <span class='ocr_line' id='line_1_10' title="bbox 211 1606 1306 1698; baseline 0.006 -28"><span class='ocrx_word' id='word_1_72' title='bbox 211 1606 356 1672; x_wconf 78' lang='grc' dir='ltr'>διδάσκειν</span> <span class='ocrx_word' id='word_1_73' title='bbox 384 1609 450 1680; x_wconf 77' lang='grc' dir='ltr'>τούς</span> <span class='ocrx_word' id='word_1_74' title='bbox 471 1609 617 1682; x_wconf 77' lang='grc' dir='ltr'>Ισυνόντος</span> <span class='ocrx_word' id='word_1_75' title='bbox 646 1606 666 1694; x_wconf 71' lang='grc' dir='ltr'>ἤ</span> <span class='ocrx_word' id='word_1_76' title='bbox 690 1612 858 1696; x_wconf 80' lang='grc' dir='ltr'>σωφρονεῖν,</span> <span class='ocrx_word' id='word_1_77' title='bbox 892 1614 976 1696; x_wconf 83' lang='lat' dir='ltr'>quia</span> <span class='ocrx_word' id='word_1_78' title='bbox 999 1632 1043 1678; x_wconf 83' lang='lat' dir='ltr'>ex</span> <span class='ocrx_word' id='word_1_79' title='bbox 1066 1614 1110 1678; x_wconf 83' lang='lat' dir='ltr'>iis</span> <span class='ocrx_word' id='word_1_80' title='bbox 1135 1629 1306 1698; x_wconf 78' lang='lat' dir='ltr'>apparere</span> 
     </span>
     <span class='ocr_line' id='line_1_11' title="bbox 212 1711 1303 1810; baseline 0 -30"><span class='ocrx_word' id='word_1_81' title='bbox 212 1711 402 1810; x_wconf 75' lang='lat' dir='ltr'>rideretur,</span> <span class='ocrx_word' id='word_1_82' title='bbox 444 1713 626 1782; x_wconf 76' lang='lat' dir='ltr'>Socratem</span> <span class='ocrx_word' id='word_1_83' title='bbox 660 1717 871 1801; x_wconf 87' lang='lat' dir='ltr'>priusquam</span> <span class='ocrx_word' id='word_1_84' title='bbox 907 1713 1104 1802; x_wconf 88' lang='lat' dir='ltr'>discipulos</span> <span class='ocrx_word' id='word_1_85' title='bbox 1138 1712 1303 1784; x_wconf 88' lang='lat' dir='ltr'>modera-</span> 
     </span>
     <span class='ocr_line' id='line_1_12' title="bbox 211 1816 1305 1905; baseline 0.002 -21"><span class='ocrx_word' id='word_1_86' title='bbox 211 1819 346 1886; x_wconf 90' lang='lat' dir='ltr'>tionem</span> <span class='ocrx_word' id='word_1_87' title='bbox 363 1816 555 1899; x_wconf 82' lang='lat' dir='ltr'>docuisset,</span> <span class='ocrx_word' id='word_1_88' title='bbox 580 1818 622 1886; x_wconf 90' lang='lat' dir='ltr'>de</span> <span class='ocrx_word' id='word_1_89' title='bbox 638 1819 837 1905; x_wconf 89' lang='lat' dir='ltr'>republica</span> <span class='ocrx_word' id='word_1_90' title='bbox 859 1817 1144 1886; x_wconf 86' lang='lat' dir='ltr'>administranda</span> <span class='ocrx_word' id='word_1_91' title='bbox 1168 1841 1228 1888; x_wconf 87' lang='lat' dir='ltr'>eos</span> <span class='ocrx_word' id='word_1_92' title='bbox 1248 1822 1305 1886; x_wconf 82' lang='lat' dir='ltr'>in-</span> 
     </span>
     <span class='ocr_line' id='line_1_13' title="bbox 213 1921 1308 2010; baseline 0.001 -22"><span class='ocrx_word' id='word_1_93' title='bbox 213 1924 384 1990; x_wconf 87' lang='lat' dir='ltr'>stituisse.</span> <span class='ocrx_word' id='word_1_94' title='bbox 428 1921 499 1991; x_wconf 81' lang='lat' dir='ltr'>Sed</span> <span class='ocrx_word' id='word_1_95' title='bbox 522 1932 642 1992; x_wconf 89' lang='lat' dir='ltr'>totam·</span> <span class='ocrx_word' id='word_1_96' title='bbox 660 1923 816 1991; x_wconf 87' lang='lat' dir='ltr'>Krohnii</span> <span class='ocrx_word' id='word_1_97' title='bbox 840 1925 1055 1992; x_wconf 76' lang='lat' dir='ltr'>sententiam</span> <span class='ocrx_word' id='word_1_98' title='bbox 1078 1926 1116 1990; x_wconf 90' lang='lat' dir='ltr'>in</span> <span class='ocrx_word' id='word_1_99' title='bbox 1139 1943 1308 2010; x_wconf 84' lang='lat' dir='ltr'>perversa</span> 
     </span>
     <span class='ocr_line' id='line_1_14' title="bbox 212 2027 1305 2113; baseline 0 -19"><span class='ocrx_word' id='word_1_100' title='bbox 212 2027 504 2112; x_wconf 82' lang='lat' dir='ltr'>interpretatione</span> <span class='ocrx_word' id='word_1_101' title='bbox 530 2031 695 2113; x_wconf 78' lang='lat' dir='ltr'>positam=</span> <span class='ocrx_word' id='word_1_102' title='bbox 711 2049 788 2095; x_wconf 87' lang='lat' dir='ltr'>esse</span> <span class='ocrx_word' id='word_1_103' title='bbox 812 2027 999 2095; x_wconf 90' lang='lat' dir='ltr'>Kunertus</span> <span class='ocrx_word' id='word_1_104' title='bbox 1025 2027 1073 2113; x_wconf 88' lang='lat' dir='ltr'>(p.</span> <span class='ocrx_word' id='word_1_105' title='bbox 1101 2029 1157 2110; x_wconf 80' lang='lat'>17)</span> <span class='ocrx_word' id='word_1_106' title='bbox 1181 2029 1305 2095; x_wconf 87' lang='lat' dir='ltr'>rectis-</span> 
     </span>
     <span class='ocr_line' id='line_1_15' title="bbox 213 2127 1314 2218; baseline -0.008 -20"><span class='ocrx_word' id='word_1_107' title='bbox 213 2132 301 2198; x_wconf 87' lang='lat' dir='ltr'>sime</span> <span class='ocrx_word' id='word_1_108' title='bbox 358 2130 624 2200; x_wconf 89' lang='lat' dir='ltr'>demonstravit.</span> <span class='ocrx_word' id='word_1_109' title='bbox 693 2133 817 2218; x_wconf 90' lang='lat' dir='ltr'>Neque</span> <span class='ocrx_word' id='word_1_110' title='bbox 863 2134 959 2200; x_wconf 89' lang='lat' dir='ltr'>enim</span> <span class='ocrx_word' id='word_1_111' title='bbox 1009 2130 1192 2215; x_wconf 86' lang='lat' dir='ltr'>significat</span> <span class='ocrx_word' id='word_1_112' title='bbox 1236 2127 1314 2202; x_wconf 74' lang='grc' dir='ltr'>ἴσωσ</span> 
     </span>
     <span class='ocr_line' id='line_1_16' title="bbox 211 2228 1306 2321; baseline 0.007 -25"><span class='ocrx_word' id='word_1_113' title='bbox 211 2228 261 2298; x_wconf 78' lang='grc' dir='ltr'>οὖν</span> <span class='ocrx_word' id='word_1_114' title='bbox 285 2283 291 2296; x_wconf 95' lang='grc'><strong>.</strong></span> <span class='ocrx_word' id='word_1_115' title='bbox 314 2282 321 2297; x_wconf 95' lang='grc'><strong>.</strong></span> <span class='ocrx_word' id='word_1_116' title='bbox 345 2283 380 2298; x_wconf 91' lang='grc'>..</span> <span class='ocrx_word' id='word_1_117' title='bbox 415 2237 588 2321; x_wconf 74' lang='grc' dir='ltr'>σωφρονεῖνς</span> <span class='ocrx_word' id='word_1_118' title='bbox 630 2258 713 2306; x_wconf 82' lang='lat' dir='ltr'>non</span> <span class='ocrx_word' id='word_1_119' title='bbox 748 2235 901 2305; x_wconf 88' lang='lat' dir='ltr'>debebat</span> <span class='ocrx_word' id='word_1_120' title='bbox 933 2233 1097 2305; x_wconf 79' lang='lat' dir='ltr'>Socrates</span> <span class='ocrx_word' id='word_1_121' title='bbox 1132 2238 1306 2304; x_wconf 84' lang='lat' dir='ltr'>rationem</span> 
     </span>
     <span class='ocr_line' id='line_1_17' title="bbox 212 2334 1308 2426; baseline 0.003 -21"><span class='ocrx_word' id='word_1_122' title='bbox 212 2338 355 2408; x_wconf 86' lang='lat' dir='ltr'>civilem</span> <span class='ocrx_word' id='word_1_123' title='bbox 391 2337 534 2421; x_wconf 82' lang='lat' dir='ltr'>dooere,</span> <span class='ocrx_word' id='word_1_124' title='bbox 572 2348 764 2426; x_wconf 91' lang='lat' dir='ltr'>antequam</span> <span class='ocrx_word' id='word_1_125' title='bbox 796 2334 1079 2410; x_wconf 87' lang='lat' dir='ltr'>moderationem</span> <span class='ocrx_word' id='word_1_126' title='bbox 1114 2339 1308 2421; x_wconf 81' lang='lat' dir='ltr'>docuisset,</span> 
     </span>
     <span class='ocr_line' id='line_1_18' title="bbox 213 2441 1307 2530; baseline 0.001 -18"><span class='ocrx_word' id='word_1_127' title='bbox 213 2441 276 2512; x_wconf 71' lang='lat' dir='ltr'>ned</span> <span class='ocrx_word' id='word_1_128' title='bbox 301 2450 492 2530; x_wconf 88' lang='lat' dir='ltr'>antequam</span> <span class='ocrx_word' id='word_1_129' title='bbox 524 2444 698 2514; x_wconf 85' lang='lat' dir='ltr'>moderati</span> <span class='ocrx_word' id='word_1_130' title='bbox 726 2445 856 2514; x_wconf 90' lang='lat' dir='ltr'>redditi</span> <span class='ocrx_word' id='word_1_131' title='bbox 884 2454 1003 2513; x_wconf 89' lang='lat' dir='ltr'>essent</span> <span class='ocrx_word' id='word_1_132' title='bbox 1039 2443 1307 2514; x_wconf 72' lang='lat' dir='ltr'>adulescentes.</span> 
     </span>
    </p>

    <p class='ocr_par' dir='ltr' id='par_1_6' title="bbox 163 2545 1358 4618">
     <span class='ocr_line' id='line_1_19' title="bbox 291 2545 1307 2637; baseline 0 -22"><span class='ocrx_word' id='word_1_133' title='bbox 291 2545 454 2618; x_wconf 83' lang='lat' dir='ltr'>Socrates</span> <span class='ocrx_word' id='word_1_134' title='bbox 468 2557 509 2618; x_wconf 94' lang='lat' dir='ltr'>ut</span> <span class='ocrx_word' id='word_1_135' title='bbox 524 2549 755 2636; x_wconf 84' lang='lat' dir='ltr'>Euthydemo</span> <span class='ocrx_word' id='word_1_136' title='bbox 770 2549 812 2618; x_wconf 91' lang='lat' dir='ltr'>de</span> <span class='ocrx_word' id='word_1_137' title='bbox 828 2548 1054 2637; x_wconf 86' lang='lat' dir='ltr'>providentia</span> <span class='ocrx_word' id='word_1_138' title='bbox 1068 2547 1214 2618; x_wconf 89' lang='lat' dir='ltr'>deorum</span> <span class='ocrx_word' id='word_1_139' title='bbox 1226 2570 1307 2634; x_wconf 93' lang='lat' dir='ltr'>per-</span> 
     </span>
     <span class='ocr_line' id='line_1_20' title="bbox 214 2651 1306 2734; baseline 0 -15"><span class='ocrx_word' id='word_1_140' title='bbox 214 2651 390 2732; x_wconf 83' lang='lat' dir='ltr'>suaderet,</span> <span class='ocrx_word' id='word_1_141' title='bbox 428 2676 510 2722; x_wconf 89' lang='lat' dir='ltr'>eum</span> <span class='ocrx_word' id='word_1_142' title='bbox 545 2654 629 2723; x_wconf 88' lang='lat' dir='ltr'>illos</span> <span class='ocrx_word' id='word_1_143' title='bbox 663 2658 833 2723; x_wconf 84' lang='lat' dir='ltr'>statuisse</span> <span class='ocrx_word' id='word_1_144' title='bbox 865 2655 995 2734; x_wconf 83' lang='lat' dir='ltr'>docuit,</span> <span class='ocrx_word' id='word_1_145' title='bbox 1031 2675 1112 2721; x_wconf 89' lang='lat' dir='ltr'>cum</span> <span class='ocrx_word' id='word_1_146' title='bbox 1141 2653 1306 2722; x_wconf 89' lang='lat' dir='ltr'>homines</span> 
     </span>
     <span class='ocr_line' id='line_1_21' title="bbox 214 2755 1308 2845; baseline 0.001 -22"><span class='ocrx_word' id='word_1_147' title='bbox 214 2776 257 2824; x_wconf 89' lang='lat' dir='ltr'>ex</span> <span class='ocrx_word' id='word_1_148' title='bbox 281 2755 448 2826; x_wconf 90' lang='lat' dir='ltr'>diuturno</span> <span class='ocrx_word' id='word_1_149' title='bbox 471 2758 596 2829; x_wconf 91' lang='lat' dir='ltr'>labore</span> <span class='ocrx_word' id='word_1_150' title='bbox 622 2762 750 2845; x_wconf 87' lang='lat' dir='ltr'>quietis</span> <span class='ocrx_word' id='word_1_151' title='bbox 768 2758 985 2844; x_wconf 80' lang='lat' dir='ltr'>indigerent,</span> <span class='ocrx_word' id='word_1_152' title='bbox 1008 2768 1051 2827; x_wconf 84' lang='lat' dir='ltr'>ut·</span> <span class='ocrx_word' id='word_1_153' title='bbox 1064 2758 1158 2826; x_wconf 91' lang='lat' dir='ltr'>diem</span> <span class='ocrx_word' id='word_1_154' title='bbox 1182 2759 1308 2826; x_wconf 89' lang='lat' dir='ltr'>subse-</span> 
     </span>
     <span class='ocr_line' id='line_1_22' title="bbox 215 2860 1310 2951; baseline 0.001 -24"><span class='ocrx_word' id='word_1_155' title='bbox 215 2868 379 2946; x_wconf 89' lang='lat' dir='ltr'>queretur</span> <span class='ocrx_word' id='word_1_156' title='bbox 400 2883 473 2930; x_wconf 84' lang='lat' dir='ltr'>nox</span> <span class='ocrx_word' id='word_1_157' title='bbox 497 2884 618 2949; x_wconf 82' lang='lat' dir='ltr'>eaque,</span> <span class='ocrx_word' id='word_1_158' title='bbox 641 2872 682 2933; x_wconf 91' lang='lat' dir='ltr'>ut</span> <span class='ocrx_word' id='word_1_159' title='bbox 706 2886 796 2951; x_wconf 85' lang='lat' dir='ltr'>quae</span> <span class='ocrx_word' id='word_1_160' title='bbox 822 2886 912 2950; x_wconf 89' lang='lat' dir='ltr'>opus</span> <span class='ocrx_word' id='word_1_161' title='bbox 936 2870 1066 2943; x_wconf 75' lang='lat' dir='ltr'>essent,</span> <span class='ocrx_word' id='word_1_162' title='bbox 1090 2860 1310 2949; x_wconf 76' lang='lat' dir='ltr'>perficerent,</span> 
     </span>
     <span class='ocr_line' id='line_1_23' title="bbox 215 2959 1309 3050; baseline -0.004 -18"><span class='ocrx_word' id='word_1_163' title='bbox 215 2963 330 3033; x_wconf 87' lang='lat' dir='ltr'>stellis</span> <span class='ocrx_word' id='word_1_164' title='bbox 355 2961 682 3045; x_wconf 66' lang='lat' dir='ltr'>collustraretur:&#39;§</span> <span class='ocrx_word' id='word_1_165' title='bbox 707 2975 735 3036; x_wconf 83' lang='lat'>4.</span> <span class='ocrx_word' id='word_1_166' title='bbox 760 2967 864 3032; x_wconf 80' lang='grc' dir='ltr'>οὐκοῦν</span> <span class='ocrx_word' id='word_1_167' title='bbox 887 2965 937 3031; x_wconf 80' lang='grc' dir='ltr'>καὶ</span> <span class='ocrx_word' id='word_1_168' title='bbox 968 2967 1070 3050; x_wconf 75' lang='grc' dir='ltr'>ἐπειδὴ</span> <span class='ocrx_word' id='word_1_169' title='bbox 1099 2964 1114 3028; x_wconf 86' lang='grc' dir='ltr'>ὁ</span> <span class='ocrx_word' id='word_1_170' title='bbox 1145 2963 1196 3049; x_wconf 82' lang='grc' dir='ltr'>ρὲν</span> <span class='ocrx_word' id='word_1_171' title='bbox 1227 2959 1309 3048; x_wconf 75' lang='grc' dir='ltr'>ἥλως</span> 
     </span>
     <span class='ocr_line' id='line_1_24' title="bbox 214 3063 1309 3158; baseline 0.001 -26"><span class='ocrx_word' id='word_1_172' title='bbox 214 3068 353 3153; x_wconf 86' lang='grc' dir='ltr'>φωτεινὸς</span> <span class='ocrx_word' id='word_1_173' title='bbox 387 3066 424 3133; x_wconf 78' lang='grc' dir='ltr'>ὢν</span> <span class='ocrx_word' id='word_1_174' title='bbox 452 3070 503 3142; x_wconf 86' lang='grc' dir='ltr'>τοίς</span> <span class='ocrx_word' id='word_1_175' title='bbox 533 3095 564 3134; x_wconf 90' lang='grc' dir='ltr'>τε</span> <span class='ocrx_word' id='word_1_176' title='bbox 587 3069 663 3157; x_wconf 82' lang='grc' dir='ltr'>ὥρας</span> <span class='ocrx_word' id='word_1_177' title='bbox 693 3078 744 3156; x_wconf 78' lang='grc' dir='ltr'>τῆς</span> <span class='ocrx_word' id='word_1_178' title='bbox 774 3071 886 3158; x_wconf 75' lang='grc' dir='ltr'>ἡμέρας</span> <span class='ocrx_word' id='word_1_179' title='bbox 908 3070 976 3156; x_wconf 79' lang='grc' dir='ltr'>ἡμῖν</span> <span class='ocrx_word' id='word_1_180' title='bbox 1005 3068 1055 3134; x_wconf 81' lang='grc' dir='ltr'>καὶ</span> <span class='ocrx_word' id='word_1_181' title='bbox 1088 3063 1182 3134; x_wconf 77' lang='grc' dir='ltr'>τᾶλλα</span> <span class='ocrx_word' id='word_1_182' title='bbox 1215 3069 1309 3134; x_wconf 75' lang='grc' dir='ltr'>πάντα</span> 
     </span>
     <span class='ocr_line' id='line_1_25' title="bbox 163 3170 1309 3260; baseline -0.003 -20"><span class='ocrx_word' id='word_1_183' title='bbox 163 3233 166 3240; x_wconf 94' lang='grc'><em>.</em></span> <span class='ocrx_word' id='word_1_184' title='bbox 214 3170 374 3258; x_wconf 75' lang='grc' dir='ltr'>σαφηνίζει,</span> <span class='ocrx_word' id='word_1_185' title='bbox 408 3173 428 3258; x_wconf 84' lang='grc' dir='ltr'>ἡ</span> <span class='ocrx_word' id='word_1_186' title='bbox 464 3174 496 3238; x_wconf 85' lang='grc' dir='ltr'>δέ</span> <span class='ocrx_word' id='word_1_187' title='bbox 530 3175 577 3249; x_wconf 75' lang='grc' dir='ltr'>νέξ</span> <span class='ocrx_word' id='word_1_188' title='bbox 607 3177 656 3240; x_wconf 78' lang='grc' dir='ltr'>διὰ</span> <span class='ocrx_word' id='word_1_189' title='bbox 689 3177 721 3240; x_wconf 81' lang='grc' dir='ltr'>τὸ</span> <span class='ocrx_word' id='word_1_190' title='bbox 747 3176 877 3260; x_wconf 78' lang='grc' dir='ltr'>σκοτεινὴ</span> <span class='ocrx_word' id='word_1_191' title='bbox 912 3174 985 3239; x_wconf 83' lang='grc' dir='ltr'>εἶναι</span> <span class='ocrx_word' id='word_1_192' title='bbox 1014 3173 1200 3259; x_wconf 76' lang='grc' dir='ltr'>ἀσαφεστέρα</span> <span class='ocrx_word' id='word_1_193' title='bbox 1225 3172 1309 3250; x_wconf 83' lang='grc' dir='ltr'>ἐστίν,</span> 
     </span>
     <span class='ocr_line' id='line_1_26' title="bbox 215 3271 1358 3367; baseline 0 -27"><span class='ocrx_word' id='word_1_194' title='bbox 215 3271 307 3363; x_wconf 80' lang='grc' dir='ltr'>ἄστρα</span> <span class='ocrx_word' id='word_1_195' title='bbox 336 3281 365 3342; x_wconf 88' lang='grc' dir='ltr'>ἐν</span> <span class='ocrx_word' id='word_1_196' title='bbox 400 3285 442 3365; x_wconf 76' lang='grc' dir='ltr'>τῇ.</span> <span class='ocrx_word' id='word_1_197' title='bbox 467 3277 545 3343; x_wconf 81' lang='grc' dir='ltr'>νυκτὶ</span> <span class='ocrx_word' id='word_1_198' title='bbox 581 3278 736 3367; x_wconf 72' lang='grc' dir='ltr'>ἀνέφηναν,</span> <span class='ocrx_word' id='word_1_199' title='bbox 771 3277 790 3345; x_wconf 80' lang='grc' dir='ltr'>ἃ</span> <span class='ocrx_word' id='word_1_200' title='bbox 825 3280 893 3366; x_wconf 71' lang='grc' dir='ltr'>ἡμῖν</span> <span class='ocrx_word' id='word_1_201' title='bbox 929 3284 980 3362; x_wconf 76' lang='grc' dir='ltr'>τῆς</span> <span class='ocrx_word' id='word_1_202' title='bbox 1014 3279 1114 3350; x_wconf 85' lang='grc' dir='ltr'>νυκτὸς</span> <span class='ocrx_word' id='word_1_203' title='bbox 1148 3279 1200 3350; x_wconf 78' lang='grc' dir='ltr'>τὰς</span> <span class='ocrx_word' id='word_1_204' title='bbox 1234 3275 1311 3365; x_wconf 79' lang='grc' dir='ltr'>ὥρας</span> <span class='ocrx_word' id='word_1_205' title='bbox 1355 3329 1358 3338; x_wconf 73' lang='grc'>,</span> 
     </span>
     <span class='ocr_line' id='line_1_27' title="bbox 217 3380 1312 3471; baseline 0 -25"><span class='ocrx_word' id='word_1_206' title='bbox 217 3380 378 3468; x_wconf 75' lang='grc' dir='ltr'>ἐμφανίζει,</span> <span class='ocrx_word' id='word_1_207' title='bbox 402 3382 452 3448; x_wconf 83' lang='grc' dir='ltr'>καὶ</span> <span class='ocrx_word' id='word_1_208' title='bbox 474 3386 524 3448; x_wconf 81' lang='grc' dir='ltr'>διὰ</span> <span class='ocrx_word' id='word_1_209' title='bbox 547 3390 631 3448; x_wconf 79' lang='grc' dir='ltr'>τοῦτο</span> <span class='ocrx_word' id='word_1_210' title='bbox 655 3385 749 3450; x_wconf 79' lang='grc' dir='ltr'>πολλοὶ</span> <span class='ocrx_word' id='word_1_211' title='bbox 774 3381 812 3448; x_wconf 85' lang='grc' dir='ltr'>ὧν</span> <span class='ocrx_word' id='word_1_212' title='bbox 830 3385 962 3469; x_wconf 82' lang='grc' dir='ltr'>δεόμεθα</span> <span class='ocrx_word' id='word_1_213' title='bbox 986 3383 1163 3471; x_wconf 79' lang='grc' dir='ltr'>πράττομεν;</span> <span class='ocrx_word' id='word_1_214' title='bbox 1186 3421 1229 3430; x_wconf 92' lang='lat'><em>-</em></span> <span class='ocrx_word' id='word_1_215' title='bbox 1252 3382 1312 3447; x_wconf 87' lang='grc' dir='ltr'>ἐστι</span> 
     </span>
     <span class='ocr_line' id='line_1_28' title="bbox 215 3487 1309 3576; baseline 0.005 -27"><span class='ocrx_word' id='word_1_216' title='bbox 215 3491 315 3564; x_wconf 80' lang='grc' dir='ltr'>ταῦτα,</span> <span class='ocrx_word' id='word_1_217' title='bbox 339 3487 406 3574; x_wconf 81' lang='grc' dir='ltr'>ἔφη.</span> <span class='ocrx_word' id='word_1_218' title='bbox 429 3526 472 3534; x_wconf 97' lang='grc'>-</span> <span class='ocrx_word' id='word_1_219' title='bbox 496 3488 660 3558; x_wconf 82' lang='lat' dir='ltr'>Concedo</span> <span class='ocrx_word' id='word_1_220' title='bbox 685 3489 778 3558; x_wconf 90' lang='lat' dir='ltr'>hano</span> <span class='ocrx_word' id='word_1_221' title='bbox 795 3489 983 3576; x_wconf 90' lang='lat' dir='ltr'>periodum</span> <span class='ocrx_word' id='word_1_222' title='bbox 1007 3511 1080 3558; x_wconf 92' lang='lat' dir='ltr'>non</span> <span class='ocrx_word' id='word_1_223' title='bbox 1096 3491 1187 3558; x_wconf 91' lang='lat' dir='ltr'>bene</span> <span class='ocrx_word' id='word_1_224' title='bbox 1211 3509 1309 3556; x_wconf 91' lang='lat' dir='ltr'>com-</span> 
     </span>
     <span class='ocr_line' id='line_1_29' title="bbox 216 3593 1309 3681; baseline -0.001 -22"><span class='ocrx_word' id='word_1_225' title='bbox 216 3594 372 3677; x_wconf 87' lang='lat' dir='ltr'>positam</span> <span class='ocrx_word' id='word_1_226' title='bbox 395 3616 484 3673; x_wconf 80' lang='lat' dir='ltr'>esse,</span> <span class='ocrx_word' id='word_1_227' title='bbox 519 3594 582 3662; x_wconf 87' lang='lat' dir='ltr'>sed</span> <span class='ocrx_word' id='word_1_228' title='bbox 617 3597 679 3681; x_wconf 90' lang='lat' dir='ltr'>qui</span> <span class='ocrx_word' id='word_1_229' title='bbox 710 3599 804 3663; x_wconf 89' lang='lat' dir='ltr'>inest</span> <span class='ocrx_word' id='word_1_230' title='bbox 827 3596 884 3663; x_wconf 92' lang='lat' dir='ltr'>his</span> <span class='ocrx_word' id='word_1_231' title='bbox 915 3595 1034 3663; x_wconf 88' lang='lat' dir='ltr'>verbis</span> <span class='ocrx_word' id='word_1_232' title='bbox 1065 3615 1192 3661; x_wconf 86' lang='lat' dir='ltr'>sensus</span> <span class='ocrx_word' id='word_1_233' title='bbox 1218 3593 1309 3660; x_wconf 85' lang='lat' dir='ltr'>falso</span> 
     </span>
     <span class='ocr_line' id='line_1_30' title="bbox 218 3693 1313 3785; baseline 0 -23"><span class='ocrx_word' id='word_1_234' title='bbox 218 3693 380 3782; x_wconf 84' lang='lat' dir='ltr'>intellegi</span> <span class='ocrx_word' id='word_1_235' title='bbox 403 3719 477 3766; x_wconf 92' lang='lat' dir='ltr'>non</span> <span class='ocrx_word' id='word_1_236' title='bbox 501 3705 627 3785; x_wconf 89' lang='lat' dir='ltr'>potest.</span> <span class='ocrx_word' id='word_1_237' title='bbox 674 3699 831 3768; x_wconf 89' lang='lat' dir='ltr'>Krohnii</span> <span class='ocrx_word' id='word_1_238' title='bbox 846 3702 977 3767; x_wconf 73' lang='lat' dir='ltr'>titium</span> <span class='ocrx_word' id='word_1_239' title='bbox 1001 3706 1065 3778; x_wconf 89' lang='lat' dir='ltr'>est,</span> <span class='ocrx_word' id='word_1_240' title='bbox 1090 3695 1186 3783; x_wconf 88' lang='lat' dir='ltr'>quod</span> <span class='ocrx_word' id='word_1_241' title='bbox 1202 3696 1313 3765; x_wconf 84' lang='lat' dir='ltr'>verba</span> 
     </span>
     <span class='ocr_line' id='line_1_31' title="bbox 221 3795 1311 3891; baseline 0.006 -29"><span class='ocrx_word' id='word_1_242' title='bbox 221 3795 318 3885; x_wconf 68' lang='grc' dir='ltr'>ιοἶστρον</span> <span class='ocrx_word' id='word_1_243' title='bbox 349 3802 379 3863; x_wconf 85' lang='grc' dir='ltr'>ἐν</span> <span class='ocrx_word' id='word_1_244' title='bbox 406 3807 443 3887; x_wconf 71' lang='grc' dir='ltr'>τῇ</span> <span class='ocrx_word' id='word_1_245' title='bbox 470 3800 548 3865; x_wconf 78' lang='grc' dir='ltr'>νυκτὶ</span> <span class='ocrx_word' id='word_1_246' title='bbox 572 3800 724 3888; x_wconf 69' lang='grc' dir='ltr'>ἀνέφηναν</span> <span class='ocrx_word' id='word_1_247' title='bbox 751 3803 796 3871; x_wconf 92' lang='lat' dir='ltr'>ad</span> <span class='ocrx_word' id='word_1_248' title='bbox 823 3807 977 3891; x_wconf 89' lang='lat' dir='ltr'>priorem</span> <span class='ocrx_word' id='word_1_249' title='bbox 1005 3800 1143 3890; x_wconf 90' lang='lat' dir='ltr'>periodi</span> <span class='ocrx_word' id='word_1_250' title='bbox 1173 3807 1311 3888; x_wconf 89' lang='lat' dir='ltr'>partem</span> 
     </span>
     <span class='ocr_line' id='line_1_32' title="bbox 221 3903 1313 3993; baseline 0.006 -27"><span class='ocrx_word' id='word_1_251' title='bbox 221 3904 328 3988; x_wconf 65' lang='grc' dir='ltr'>ιἐπειδὴ</span> <span class='ocrx_word' id='word_1_252' title='bbox 357 3903 372 3967; x_wconf 88' lang='grc' dir='ltr'>ὁ</span> <span class='ocrx_word' id='word_1_253' title='bbox 404 3905 455 3990; x_wconf 82' lang='grc' dir='ltr'>ρέν</span> <span class='ocrx_word' id='word_1_254' title='bbox 486 3903 567 3990; x_wconf 75' lang='grc' dir='ltr'>ἥλιος</span> <span class='ocrx_word' id='word_1_255' title='bbox 590 3955 597 3968; x_wconf 93' lang='grc'><em>.</em></span> <span class='ocrx_word' id='word_1_256' title='bbox 621 3955 656 3969; x_wconf 88' lang='grc'>..</span> <span class='ocrx_word' id='word_1_257' title='bbox 691 3905 785 3970; x_wconf 81' lang='grc' dir='ltr'>πάντα</span> <span class='ocrx_word' id='word_1_258' title='bbox 817 3904 975 3993; x_wconf 68' lang='grc' dir='ltr'>σαφηνίζεέ</span> <span class='ocrx_word' id='word_1_259' title='bbox 1001 3906 1141 3975; x_wconf 81' lang='lat' dir='ltr'>rettulit</span> <span class='ocrx_word' id='word_1_260' title='bbox 1163 3926 1313 3990; x_wconf 79' lang='lat' dir='ltr'>eamque</span> 
     </span>
     <span class='ocr_line' id='line_1_33' title="bbox 220 4007 1312 4097; baseline -0.002 -19"><span class='ocrx_word' id='word_1_261' title='bbox 220 4009 263 4078; x_wconf 92' lang='lat' dir='ltr'>ob</span> <span class='ocrx_word' id='word_1_262' title='bbox 289 4029 434 4085; x_wconf 88' lang='lat' dir='ltr'>causam</span> <span class='ocrx_word' id='word_1_263' title='bbox 468 4033 532 4097; x_wconf 91' lang='lat' dir='ltr'>pro</span> <span class='ocrx_word' id='word_1_264' title='bbox 568 4007 767 4096; x_wconf 52' lang='grc' dir='ltr'>,ἀσαφεστέρα</span> <span class='ocrx_word' id='word_1_265' title='bbox 804 4010 877 4095; x_wconf 82' lang='lat' dir='ltr'>legi</span> <span class='ocrx_word' id='word_1_266' title='bbox 904 4009 1023 4080; x_wconf 84' lang='lat' dir='ltr'>voluit</span> <span class='ocrx_word' id='word_1_267' title='bbox 1049 4007 1192 4094; x_wconf 62' lang='lat' dir='ltr'>toicaquc‘.</span> <span class='ocrx_word' id='word_1_268' title='bbox 1239 4008 1312 4078; x_wconf 81' lang='lat' dir='ltr'>Sed</span> 
     </span>
     <span class='ocr_line' id='line_1_34' title="bbox 219 4112 1309 4202; baseline 0.002 -22"><span class='ocrx_word' id='word_1_269' title='bbox 219 4112 306 4180; x_wconf 86' lang='lat' dir='ltr'>haec</span> <span class='ocrx_word' id='word_1_270' title='bbox 330 4117 533 4182; x_wconf 88' lang='lat' dir='ltr'>coniectura</span> <span class='ocrx_word' id='word_1_271' title='bbox 555 4117 781 4202; x_wconf 90' lang='lat' dir='ltr'>ineptissima</span> <span class='ocrx_word' id='word_1_272' title='bbox 804 4123 858 4183; x_wconf 89' lang='lat' dir='ltr'>est</span> <span class='ocrx_word' id='word_1_273' title='bbox 881 4123 916 4184; x_wconf 91' lang='lat' dir='ltr'>et</span> <span class='ocrx_word' id='word_1_274' title='bbox 939 4118 1050 4183; x_wconf 91' lang='lat' dir='ltr'>totius</span> <span class='ocrx_word' id='word_1_275' title='bbox 1067 4113 1139 4182; x_wconf 93' lang='lat' dir='ltr'>loci</span> <span class='ocrx_word' id='word_1_276' title='bbox 1163 4137 1309 4182; x_wconf 89' lang='lat' dir='ltr'>sensum</span> 
     </span>
     <span class='ocr_line' id='line_1_35' title="bbox 218 4211 1311 4306; baseline 0.001 -22"><span class='ocrx_word' id='word_1_277' title='bbox 218 4214 325 4303; x_wconf 89' lang='lat' dir='ltr'>plane</span> <span class='ocrx_word' id='word_1_278' title='bbox 360 4217 540 4306; x_wconf 87' lang='lat' dir='ltr'>depravat.</span> <span class='ocrx_word' id='word_1_279' title='bbox 584 4211 721 4306; x_wconf 50' lang='lat' dir='ltr'>‘Neque</span> <span class='ocrx_word' id='word_1_280' title='bbox 767 4223 863 4288; x_wconf 89' lang='lat' dir='ltr'>enim</span> <span class='ocrx_word' id='word_1_281' title='bbox 904 4218 1026 4288; x_wconf 88' lang='lat' dir='ltr'>valent</span> <span class='ocrx_word' id='word_1_282' title='bbox 1064 4220 1151 4287; x_wconf 85' lang='lat' dir='ltr'>haec</span> <span class='ocrx_word' id='word_1_283' title='bbox 1185 4219 1311 4286; x_wconf 90' lang='lat' dir='ltr'>verba:</span> 
     </span>
     <span class='ocr_line' id='line_1_36' title="bbox 220 4322 1310 4410; baseline -0.002 -20"><span class='ocrx_word' id='word_1_284' title='bbox 220 4325 304 4408; x_wconf 87' lang='lat' dir='ltr'>quia</span> <span class='ocrx_word' id='word_1_285' title='bbox 340 4323 395 4392; x_wconf 93' lang='lat' dir='ltr'>sol</span> <span class='ocrx_word' id='word_1_286' title='bbox 425 4323 532 4392; x_wconf 89' lang='lat' dir='ltr'>horas</span> <span class='ocrx_word' id='word_1_287' title='bbox 568 4322 638 4392; x_wconf 90' lang='lat' dir='ltr'>diei</span> <span class='ocrx_word' id='word_1_288' title='bbox 675 4323 835 4410; x_wconf 90' lang='lat' dir='ltr'>disponit</span> <span class='ocrx_word' id='word_1_289' title='bbox 870 4333 1056 4410; x_wconf 86' lang='lat' dir='ltr'>ceteraque</span> <span class='ocrx_word' id='word_1_290' title='bbox 1086 4325 1207 4391; x_wconf 91' lang='lat' dir='ltr'>omnia</span> <span class='ocrx_word' id='word_1_291' title='bbox 1230 4343 1310 4408; x_wconf 91' lang='lat' dir='ltr'>per-</span> 
     </span>
     <span class='ocr_line' id='line_1_37' title="bbox 220 4424 1312 4518; baseline -0.001 -24"><span class='ocrx_word' id='word_1_292' title='bbox 220 4429 345 4514; x_wconf 87' lang='lat' dir='ltr'>spicua</span> <span class='ocrx_word' id='word_1_293' title='bbox 368 4426 494 4507; x_wconf 80' lang='lat' dir='ltr'>reddit,</span> <span class='ocrx_word' id='word_1_294' title='bbox 523 4427 639 4496; x_wconf 88' lang='lat' dir='ltr'>sidera</span> <span class='ocrx_word' id='word_1_295' title='bbox 668 4429 801 4518; x_wconf 81' lang='lat' dir='ltr'>lucent,</span> <span class='ocrx_word' id='word_1_296' title='bbox 830 4428 1088 4514; x_wconf 88' lang='lat' dir='ltr'>sedquoniam</span> <span class='ocrx_word' id='word_1_297' title='bbox 1122 4449 1185 4514; x_wconf 89' lang='lat' dir='ltr'>per</span> <span class='ocrx_word' id='word_1_298' title='bbox 1219 4424 1312 4494; x_wconf 90' lang='lat' dir='ltr'>diem</span> 
     </span>
     <span class='ocr_line' id='line_1_38' title="bbox 221 4529 1314 4618; baseline -0.003 -20"><span class='ocrx_word' id='word_1_299' title='bbox 221 4529 277 4600; x_wconf 91' lang='lat' dir='ltr'>sol</span> <span class='ocrx_word' id='word_1_300' title='bbox 289 4530 368 4600; x_wconf 88' lang='lat' dir='ltr'>luce</span> <span class='ocrx_word' id='word_1_301' title='bbox 392 4553 458 4601; x_wconf 89' lang='lat' dir='ltr'>sua</span> <span class='ocrx_word' id='word_1_302' title='bbox 478 4540 606 4600; x_wconf 88' lang='lat' dir='ltr'>cuncta</span> <span class='ocrx_word' id='word_1_303' title='bbox 629 4531 798 4613; x_wconf 81' lang='lat' dir='ltr'>illustrat,</span> <span class='ocrx_word' id='word_1_304' title='bbox 822 4554 906 4610; x_wconf 74' lang='lat' dir='ltr'>nox,</span> <span class='ocrx_word' id='word_1_305' title='bbox 931 4535 1063 4618; x_wconf 90' lang='lat' dir='ltr'>quippe</span> <span class='ocrx_word' id='word_1_306' title='bbox 1089 4553 1180 4618; x_wconf 89' lang='lat' dir='ltr'>quae</span> <span class='ocrx_word' id='word_1_307' title='bbox 1204 4533 1314 4600; x_wconf 86' lang='lat' dir='ltr'>nimis</span> 
     </span>
    </p>
   </div>
   <div class='ocr_carea' id='block_1_5' title="bbox 0 0 1641 5252">
    <p class='ocr_par' dir='ltr' id='par_1_7' title="bbox 0 0 1641 5252">
     <span class='ocr_line' id='line_1_39' title="bbox 0 0 1641 5252; baseline 0 0"><span class='ocrx_word' id='word_1_308' title='bbox 0 0 1641 5252; x_wconf 95' lang='lat' dir='ltr'> </span> 
     </span>
    </p>
   </div>
  </div>
 </body>
</html>
