3246 5252
867 535 909 598 68

341 719 446 790 Plato
467 720 535 789 hoc
558 742 771 806 responsum
796 723 955 807 recipiat:
992 714 1131 804 ὧμιαρὲ,
1156 718 1230 805 ἐ’φην
1254 720 1318 804 ἐγώ,
1341 721 1442 786 ποίλαι

243 818 249 827 ’
341 850 378 910 με
399 825 559 910 περιέλκεις
582 822 690 910 κιίκλιρ,
720 822 972 909 ἀποκρυπτόμενος
995 819 1040 886 ὅτι
1063 821 1097 886 οὐ
1120 823 1152 887 τὸ
1177 824 1374 908 ἐπιστημόνως
1398 822 1435 910 ἦν

341 935 393 1014 ζῆν
417 929 448 992 τδ
474 925 662 1015 εὖπράττειν
697 952 728 991 τε
762 925 812 990 καὶ
846 927 1026 1013 εὐδαιμονεῖν
1050 935 1158 1004 ποιοῦν,
1190 927 1258 992 οὐδὲ
1281 935 1438 1014 ξυμπασῶν

339 1039 393 1096 τῶν
417 1029 514 1098 σίλλων
538 1035 710 1120 ἐπιστημῶν,
735 1030 812 1097 ἀλλά
843 1040 909 1116 μιᾶς
932 1029 1021 1115 οδσης
1044 1031 1151 1113 ταύτης
1175 1026 1260 1116 μόνον
1288 1039 1338 1117 τῆς
1368 1031 1435 1120 περὶ

340 1137 372 1200 τδ
407 1136 520 1221 ἀγαθόν
554 1162 585 1201 τε
616 1134 665 1201 καί
698 1135 797 1201 κακόν.
843 1137 1028 1224 Praeterea
1061 1137 1154 1206 hanc
1189 1136 1438 1208 definitionem

281 1305 285 1312 .
341 1265 414 1313 non
450 1241 645 1313 aPlatone
679 1242 743 1312 sed
780 1263 800 1308 a
831 1241 976 1328 Cynicis
1010 1248 1184 1310 statutam
1219 1263 1297 1310 esse
1330 1245 1436 1312 testis

341 1354 396 1416 est
418 1347 541 1416 Aristo
575 1369 629 1434 ap.
656 1345 852 1422 Galenum:
888 1344 931 1414 de
965 1345 1109 1432 placitis
1132 1344 1364 1433 Hippocratis
1400 1353 1436 1414 et

342 1450 508 1522 Platonis
532 1449 602 1520 VH
633 1473 666 1538 p.
692 1455 765 1519 595.
801 1447 920 1533 νομίσας
954 1455 1022 1533 γοδν
1055 1448 1077 1513 ὃ·
1093 1448 1229 1534 Ἀρίστων
1264 1449 1331 1533 μίαν
1361 1449 1435 1514 εἶναι

340 1555 391 1640 τήν
416 1560 512 1642 ψυχῆς
535 1553 669 1639 δύναμιν,
704 1551 934 1640 ᾕλογιζόμεδα,
969 1553 1020 1618 καί
1053 1555 1104 1638 τήν
1128 1553 1233 1641 ἀρετὴν
1261 1560 1313 1638 τῆς
1337 1561 1435 1642 ψυχῆς

341 1659 422 1724 ἔθετο
438 1657 514 1743 μίαν,
539 1657 699 1742 ἐπιστήμην
721 1656 839 1741 ἀγαδῶν
861 1655 911 1721 καί
926 1664 1038 1722 κακῶν·
1062 1655 1130 1722 ὅταν
1152 1657 1203 1743 μὲν
1221 1654 1270 1723 οὖν
1287 1659 1436 1746 αἱρεῖσθαι

340 1789 372 1827 τε
395 1763 448 1848 δέη
471 1762 588 1847 τάγαθὰ
611 1760 660 1825 καί
684 1760 800 1846 φεύγειν
823 1763 858 1825 τοί
882 1762 960 1826 κακοὶ
983 1763 1034 1846 την
1057 1762 1218 1847 ἐπιστήμην
1241 1767 1327 1847 τήνδε
1349 1763 1439 1827 καλεῖ

341 1867 538 1955 σωφροσύνην.
584 1866 747 1947 Quocum
783 1860 815 1934 si
849 1867 1041 1936 contuleris
1076 1868 1180 1937 Mem.
1217 1865 1278 1935 IV.
1311 1872 1341 1946 2,
1373 1873 1439 1936 26:

340 1972 388 2036 διὰ
411 1978 495 2035 τοῦτο
519 1968 622 2035 δὲκαὶ
654 1970 719 2041 τοδς
750 1965 856 2041 ἄλλους
885 1968 1051 2055 ἀνθρώπους
1085 1970 1239 2056 δυνάμενοι
1267 1971 1438 2056 δοκιμάζειν

340 2073 389 2140 καὶ
413 2075 460 2139 διὰ
484 2081 610 2158 τῆςτῶν
634 2069 733 2138 σίλλων
755 2071 857 2159 χρείας
886 2073 921 2138 τοί
954 2099 985 2137 τε
1013 2073 1113 2158 ἀγαθοί
1137 2073 1303 2161 πορίζονται
1325 2074 1374 2142 καὶ
1397 2077 1434 2140 τοὶ

340 2179 417 2244 κακὰ
441 2180 639 2266 φυλάττονται,
677 2182 846 2249 uoniam
871 2178 1067 2260 dubitabis,
1092 2183 1179 2265 quin
1202 2189 1280 2250 tota
1306 2181 1432 2249 Xeno-

340 2285 488 2372 phontis
513 2287 773 2370 argumentatio
810 2282 855 2351 ad
878 2283 1133 2351 Antisthenem
1164 2284 1345 2353 referenda
1375 2289 1437 2354 sit

732 2513 1042 2520 ...ῥ’-*ῳ-

857 2669 920 2744 VI.

429 2823 579 2894 Summa
601 2826 830 2908 Antisthenis
863 2832 898 2892 et
920 2824 1176 2912 Xenophontis
1200 2824 1436 2912 philosophia
1512 2873 1516 2876 -

341 2932 541 2999 continetur
564 2929 749 2998 felicitate:
780 2953 811 2997 v.
836 2928 971 2997 Julian.
998 2952 1044 2997 or.
1069 2927 1129 2997 VI.
1154 2952 1187 3016 p.
1215 2936 1276 2998 193
1300 2929 1339 2996 B.
1379 2936 1431 3013 τῆς

341 3032 466 3117 Κυνικῆς
501 3032 533 3096 δὲ
557 3031 729 3118 φιλοσοφίας
765 3034 869 3104 σκοπὸς
904 3033 956 3117 μέν
990 3037 1050 3097 ἐστι
1084 3033 1133 3098 καὶ
1156 3034 1245 3110 τέλος,
1276 3031 1372 3117 ὥσπερ
1395 3033 1438 3117 δὴ,

341 3135 389 3201 καί
412 3135 595 3222 φιλοσοφίας,
618 3137 650 3200 τὸ
675 3135 862 3224 εὐδαιμονεῖν.
902 3140 941 3207 cf.
960 3139 1064 3208 Mem.
1090 3139 1153 3207 ΠΙ.
1178 3143 1208 3218 2,
1225 3144 1255 3206 4.
1280 3136 1332 3206 IV
1353 3144 1381 3216 l,
1402 3142 1431 3204 2.

340 3241 508 3310 Felicitas
525 3242 628 3311 nulla
651 3265 686 3310 re
709 3245 780 3313 nisi
803 3247 936 3313 virtute
959 3247 1141 3330 impetrari
1156 3249 1291 3330 potest;
1315 3245 1432 3308 virtus

342 3352 461 3414 autem
497 3354 551 3414 est
585 3350 735 3415 scientia
768 3350 873 3428 boni,
916 3369 1023 3434 quam
1058 3369 1116 3426 eo,
1160 3345 1255 3432 quod
1290 3352 1433 3416 nosmet

339 3454 442 3536 ipsos
472 3471 683 3534 cognoscere
712 3451 910 3525 studemus,
946 3455 1179 3537 assequimur.
1236 3449 1306 3518 Sed
1341 3471 1432 3537 quae

341 3563 435 3623 esset
457 3555 545 3622 haec
569 3559 719 3624 scientia
742 3555 799 3624 vel
824 3555 910 3642 quid
932 3558 1079 3636 bonum,
1104 3554 1231 3642 Cynici
1248 3553 1344 3642 quod
1369 3577 1431 3622 ex-

339 3659 471 3748 plicare
495 3680 568 3728 non
591 3664 796 3746 potuissent
824 3681 929 3747 saepe
959 3682 979 3726 a
1002 3659 1154 3728 Platone
1183 3661 1432 3747 carpebantur,

339 3786 371 3830 v.
385 3763 486 3849 Reip.
512 3764 616 3834 505ss
632 3764 675 3832 al.
711 3765 889 3834 Dicebant
902 3764 1056 3850 quidem,
1073 3786 1150 3832 esse
1167 3765 1282 3833 bonas
1297 3773 1331 3834 et
1346 3764 1429 3851 pul-

342 3867 444 3935 chras
461 3890 565 3935 res-
584 3871 721 3938 bonum
745 3875 839 3940 enim
864 3869 959 3937 idem
975 3868 1093 3937 valere
1117 3876 1223 3955 atque
1238 3868 1432 3954 pulchrum⁴

340 3994 400 4040 eos
425 3972 589 4042 docuisse
613 3980 764 4041 testatur
787 3974 889 4058 Diog.
915 3973 1030 4040 Laert.
1055 3971 1107 4040 VI
1125 3978 1178 4039 12:
1202 3971 1319 4056 τάγαθὰ
1343 3972 1430 4050 καλοί,

338 4076 374 4140 τὰ
404 4077 481 4140 κακὰ
515 4076 623 4163 αἰσχρά
654 4113 697 4122 -
728 4078 791 4147 sed
820 4076 1125 4163 pulchritudinem
1160 4076 1218 4144 vel
1247 4081 1431 4146 notionem

340 4183 416 4247 eius
449 4202 527 4248 esse
561 4202 707 4266 prorsus
746 4183 934 4267 negabant.
948 4181 972 4263 ¹)
1043 4180 1145 4249 Nihil
1192 4182 1328 4256 bonum
1367 4201 1435 4249 nec

339 4282 529 4369 pulchrum
555 4307 631 4353 esse
655 4288 725 4354 nisi
750 4286 845 4374 quod
870 4286 974 4354 utile:
999 4309 1030 4353 ν.
1056 4284 1216 4371 Euthyd.
1241 4308 1273 4372 p.
1300 4291 1364 4355 292
1385 4287 1434 4355 A..

339 4427 421 4432 φ...-
431 4427 546 4434 ---.-—..

427 4491 650 4562 1λῖλυοιαῐνιίον,
670 4493 801 4551 Antisth.
821 4511 849 4563 p.
868 4497 979 4551 ‹to-43.
