3246 5252
721 583 864 652 θ’,

183 763 360 850 implicari
395 763 636 845 difficultates,
677 774 717 835 ut
752 770 829 854 ipse
865 789 902 834 se
938 789 997 836 cas
1034 769 1171 837 solvere
1203 790 1277 837 non

182 890 289 956 posse
313 867 534 938 confiteatur.
582 870 654 938 Cur
670 871 774 940 Plato
793 871 978 939 Socratem
1001 874 1039 939 in
1062 870 1152 939 tales
1178 870 1273 941 diffi-

182 971 334 1042 cultates
359 995 396 1040 se
419 973 664 1060 implicantem
687 976 791 1044 fecit?
837 975 976 1056 Nonne,
1009 977 1040 1043 si
1073 997 1177 1045 suam
1201 976 1275 1045 dis·

183 1076 353 1163 ciplinam
377 1098 398 1144 a
421 1076 566 1146 Socrate
599 1079 777 1165 prolatam
811 1082 914 1147 unice
947 1087 1078 1148 rectam
1109 1102 1187 1148 esse
1211 1080 1272 1149 de-

182 1189 380 1250 monstrare
396 1181 523 1262 voluit,
546 1173 741 1268 plurimunr'
760 1187 835 1251 eius
853 1187 1032 1264 intererat,
1055 1192 1096 1252 ut
1112 1183 1275 1254 Socrates

157 1288 259 1374 'ipse
284 1307 407 1356 omnes
432 1285 665 1355 difficultates
695 1287 850 1356 solveret
885 1295 920 1355 et
950 1287 1052 1357 nullo
1083 1288 1278 1357 adiuvante

183 1391 276 1458 hanc
300 1394 487 1459 scientiam
511 1395 711 1460 inveniret?

269 1495 469 1581 Postquam
492 1495 745 1581 Euthydemus
771 1502 804 1563 et
827 1495 1103 1583 Dionysodorus
1122 1496 1278 1566 Cliniam

183 1599 448 1668 adulescentem
483 1603 536 1667 ita
568 1601 877 1686 perturbaverunt,
914 1607 954 1668 ut
990 1600 1032 1669 de
1063 1601 1181 1670 salute
1212 1623 1278 1670 sua

184 1697 404 1791 desperaret,
453 1702 616 1772 Socrates
663 1712 703 1772 ut
746 1725 827 1772 eum
872 1704 1059 1773 adiuvaret
1093 1706 1276 1794 sophistas

184 1806 319 1894 duplici
335 1810 435 1877 verbi
461 1807 640 1894 ‘partiaco'
668 1807 929 1893 significatione
946 1831 1033 1878 usos
1051 1832 1131 1878 eum
1145 1809 1277 1878 lusisse

160 1957 161 1962 κ
186 1912 352 1980 ostendit.
401 1912 447 1982 Se
469 1921 589 1982 tamen
613 1935 686 1981 non
711 1910 886 1992 dubitare,
917 1917 1004 2000 quin
1029 1936 1119 2000 quae
1142 1918 1276 2002 prorni-v

186 2019 297 2085 serint
331 2025 460 2104 postea
494 2016 712 2104 persoluturi
747 2019 821 2084 sint
855 2024 961 2103 atque
987 2018 1277 2096 demonstraturi,

185 2145 292 2210 quarn
320 2126 559 2191 necessarium
596 2125 643 2190 sit
673 2123 840 2190 omnibus
875 2121 1084 2190 hominibus
1117 2122 1278 2192 studium
1311 2207 1313 2213 ,

183 2231 353 2296 veritatis.
413 2226 483 2296 Sed
516 2231 728 2313 priusquam
763 2225 830 2294 hoc
872 2225 1072 2306 effecerint,
1119 2249 1156 2296 se
1202 2231 1279 2314 ipse

185 2331 388 2419 exemplum
428 2333 472 2398 iis
521 2333 791 2418 propositurum
843 2353 921 2398 csse
976 2330 1278 2417 quemadmodum

185 2437 430 2505 adulescentes
454 2435 624 2504 facillime
661 2433 707 2502 ad
741 2437 911 2502 virtutem
943 2435 1175 2503 exercendam
1198 2457 1279 2522 per-

186 2540 269 2608 duci
293 2546 443 2608 censeat.
952 2551 955 2556 “

273 2644 433 2722 Constat,
463 2645 593 2730 inquit,
625 2632 693 2711 nos
719 2665 842 2711 omnes
866 2641 1072 2712 felicitatem
1097 2642 1277 2730 adpetcre;

185 2771 292 2836 quam
316 2753 539 2836 assequimur
561 2751 791 2836 possessione
807 2748 1202 2818 multorumbonorunr.
1237 2748 1279 2815 ln

184 2853 242 2922 his
267 2852 508 2924 numerandae
532 2862 617 2921 sunt
641 2851 786 2920 divitiae
810 2851 979 2920 valetudo
1003 2856 1166 2938 potentia
1188 2863 1277 2920 tem-

185 2964 348 3044 perantia
371 2961 511 3026 iustitia
532 2959 709 3044 sapientia
722 2956 786 3028 al:
811 2956 963 3043 denique
984 2956 1098 3026 adfert
1117 2956 1278 3044 (εὐτυχίανζ

185 3083 293 3148 quarn
316 3071 437 3132 tamen
461 3065 583 3131 statim
607 3063 717 3155 reicit,
742 3063 874 3147 quippe
892 3064 982 3148 qu‘ae
1006 3065 1078 3129 iam
1102 3065 1280 3148 sapientia

184 3171 417 3236 contineatur.
465 3167 543 3248 Qua
568 3166 610 3234 de
634 3164 889 3254 redisputctur
907 3189 997 3253 opus
1015 3189 1088 3236 non
1109 3174 1173 3242 est,
1198 3187 1279 3234 cunr

186 3278 262 3340 tam
285 3277 474 3360 perspicua
497 3277 555 3350 sit,
582 3278 622 3340 ut
644 3291 731 3357 puer
755 3273 831 3356 ipse
856 3294 933 3339 earn
950 3273 1128 3357 percipere
1152 3273 1277 3356 possit.

189 3375 374 3465 Sapientia
398 3381 502 3456 enirn,
538 3398 619 3443 curn
652 3397 765 3443 errare
789 3381 953 3461 nequeat,
989 3396 1062 3442 una
1085 3373 1204 3451 efficit,
1240 3380 1281 3440 ut

185 3485 248 3566 qui
270 3481 463 3567 prudenter
494 3487 577 3565 agat
612 3483 718 3548 etiarn
743 3501 832 3565 quae
857 3481 928 3547 sibi
950 3482 1177 3565 proposuerit
1199 3476 1279 3545 feli-

186 3589 272 3654 citcr
295 3592 516 3672 assequatur.
562 3585 641 3666 Qua
664 3592 850 3672 praesente
868 3585 1001 3669 ubique
1026 3605 1164 3670 semper
1187 3590 1279 3649 recte

184 3692 359 3776 beateque
382 3713 576 3768 versamur,
601 3693 795 3757 sinautem
818 3691 1008 3756 inscientia
1027 3690 1165 3754 animos
1179 3687 1280 3770 regit

184 3793 332 3862 divitiae
346 3795 499 3865 honores
524 3794 606 3874 alia,
631 3796 782 3881 quaein
805 3793 911 3860 bonis
936 3791 1127 3868 ducuntur,
1151 3797 1282 3859 nocent

186 3903 302 3984 magis
327 3921 435 3986 quam
459 3907 620 3986 prosunt.

275 4005 331 4072 Ex
354 4005 423 4074 hoc
447 4007 688 4090 consequitur,
714 4010 754 4070 ut
775 4003 952 4087 sapientia
976 4019 1050 4066 una
1073 4019 1193 4066 revera
1216 4018 1279 4083 pro

184 4131 327 4177 summo
352 4111 459 4186 bono,
484 4106 580 4194 quod
604 4114 718 4174 cetera
740 4107 838 4175 bona
859 4101 1138 4190 comprehendat
1151 4103 1291 4180 omnia.

187 4216 374 4281 inscientia
396 4236 460 4299 pro
485 4232 626 4280 summo
651 4209 746 4279 malo
771 4208 938 4278 habenda
962 4211 1018 4284 sit,
1041 4229 1075 4292 p.
1101 4210 1163 4273 281
1189 4204 1229 4272 Ε.

277 4316 348 4385 Sed
372 4340 442 4385 non
470 4316 613 4393 suffieit
637 4315 723 4382 haee
747 4316 844 4383 bona
867 4311 1060 4399 possideri;
1092 4309 1217 4378 'verant
1240 4315 1281 4376 ut

184 4441 419 4506 assequamur·
439 4421 674 4498 felicitatem,
710 4422 818 4485 ctiam
841 4426 933 4485 recte
965 4419 1009 4484 iis
1042 4419 1095 4483 uti
1125 4417 1281 4483 sciamus

184 4546 328 4592 necesse
341 4532 402 4593 est.
451 4524 555 4606 Quod
571 4543 738 4592 eumuna
755 4520 886 4589 efficiat
904 4524 1062 4599 scientia,
1081 4521 1273 4604 unicuique
