3246 5252
711 568 752 632 69

140 767 143 773 “
184 754 253 819 ὀὐδὲ
276 756 333 839 γὰρ
357 753 450 839 ἡμεῖς,
481 748 650 838 ὦΚρίτων,
686 750 764 816 ἀλλὰ
797 749 916 815 τοσόνδε
944 773 979 835 γε
1001 750 1098 826 οἶσθα,
1133 775 1176 815 οτι
1200 751 1280 837 εἴπερ

184 857 259 923 ἐστὶν
281 855 316 943 ἣν
340 858 424 943 ἡμεῖς
449 863 599 941 ζητοῦμεν,
623 856 769 942 ὠφέλιμον
793 855 883 940 αὐτὴν
906 858 952 920 δεῖ
973 855 1057 920 εἶναι.
1079 893 1123 901 -
1145 855 1220 920 πάνυ
1247 881 1281 940 γε
1306 847 1307 852 ¹

184 999 226 1010 --
249 961 353 1027 οὐκοῦν
377 961 490 1047 ἀγαθόν
512 962 546 1046 γε’
568 987 595 1024 τι
610 964 657 1025 δεῖ
670 961 738 1046 ἡμῖν
755 961 851 1047 ἀὐτὴν
868 961 1076 1047 παραδιδόναι;
1099 997 1142 1006 —-
1158 958 1280 1045 ἀνάγκη,

185 1061 386 1154 utaequa.
425 1065 541 1148 Quam
573 1067 617 1136 ob
643 1088 789 1136 oausam
815 1071 937 1136 omnia
968 1088 1058 1153 quae
1080 1065 1191 1149 vulgo
1216 1088 1279 1152 pro

184 1175 291 1242 bonis
317 1173 541 1250 haberentur,
570 1179 610 1238 ut
634 1170 778 1240 divitias
800 1171 1041 1240 ualetudinem
1073 1170 1143 1238 alia
1160 1160 1283 1237 revera

186 1279 282 1347 bona
295 1300 369 1346 non
380 1283 468 1356 esse,
488 1275 550 1343 sed
564 1297 607 1344 ex
615 1279 779 1356 seientia,
804 1298 893 1362 quae
917 1280 961 1346 iis
986 1280 1041 1344 uti
1053 1297 1120 1344 nos
1133 1274 1282 1356 doceret,

189 1381 284 1462 fieri;
321 1403 411 1468 quae
443 1383 476 1449 si
510 1379 661 1461 deesset,
695 1380 812 1450 media
846 1403 924 1450 esse
959 1388 993 1449 et
1027 1378 1141 1448 multo
1165 1382 1281 1464 magis

191 1485 322 1555 damno
348 1507 455 1572 quam
477 1484 680 1555 commodo:
706 1509 737 1554 v.
758 1486 966 1572 Aristonem
990 1494 1023 1554 et
1038 1485 1282 1571 Chrysippum

188 1611 241 1678 ap.
270 1587 394 1658 Galen.
419 1589 458 1658 ll.
488 1589 558 1657 Vll
585 1611 617 1678 p.
648 1595 720 1659 597.
766 1596 859 1654 ταῦτα
891 1592 945 1675 γὰρ
970 1587 1053 1654 οὐδὲν
1076 1583 1144 1652 οὔτε
1167 1587 1281 1672 ἀγαθὸν

186 1688 254 1757 οὔτε
276 1694 366 1758 κακὸν
391 1692 464 1758 εἷναί
494 1718 598 1780 φασιν,
630 1693 707 1758 ἀλλὰ
736 1693 885 1780 ἀδιάφορα
908 1693 1002 1758 πάντα
1038 1695 1094 1777 (ef.
1120 1688 1281 1778 Euthyd.

186 1820 219 1885 p.
245 1803 307 1867 281
329 1799 388 1882 D).

276 1903 432 1974 Eaedem
457 1907 642 1990 opiniones
666 1903 827 1991 prolatae
851 1910 937 1971 sunt
959 1903 1065 1971 Mem.
1090 1901 1142 1970 III
1166 1907 1195 1980 8,
1220 1895 1283 1968 ubi

189 2007 369 2096 Xenopho
402 2031 483 2076 eum
510 2008 728 2077 Antisthene
763 2021 856 2075 stare
888 2011 1035 2094 eiusque
1067 2009 1282 2074 sententiam

191 2119 315 2182 eontra
337 2113 528 2182 Platonem
553 2111 737 2180 defendere
767 2111 915 2180 videtur.
963 2112 1006 2180 In
1029 2111 1097 2203 hoo
1121 2129 1283 2179 sermone

194 2218 368 2286 aSoerate
381 2239 462 2286 oum
471 2219 658 2304 Aristippo
671 2218 795 2287 habito
809 2213 983 2303 prodidit,
991 2215 1106 2296 illurn,
1119 2217 1284 2294 veritum,
1324 2285 1326 2294 ,

130 2337 134 2344 '
192 2344 236 2390 ne
260 2323 369 2392 verba
393 2343 459 2389 sua
489 2323 531 2391 ab
562 2321 642 2389 aliis
679 2321 982 2407 detorquerentur,
1018 2323 1049 2388 si
1084 2322 1164 2406 quis
1200 2339 1282 2416 eum

194 2431 458 2511 interrogasset,
492 2449 580 2494 num
614 2429 751 2496 bonum
787 2434 890 2506 esset,
934 2424 1029 2512 quod
1064 2423 1202 2492 nullius
1233 2424 1284 2489 rei

191 2533 338 2610 bonum,
362 2530 600 2617 respondisse,
624 2530 696 2598 tale
708 2531 845 2601 bonum
869 2551 907 2597 se
930 2551 1045 2616 neque
1064 2531 1151 2596 seire
1168 2549 1283 2613 neque

189 2644 370 2724 appetere:
407 2634 573 2718 direpto,
598 2633 665 2720 ἔφη,
694 2632 743 2718 εἴγ’
770 2627 881 2720 iper-dg
905 2659 949 2716 με,
975 2630 1049 2696 εἴτι
1072 2631 1185 2716 ἀγαθὸν
1209 2631 1284 2709 oddo,

188 2735 204 2802 ὃ
229 2739 352 2824 μηδενὸς
375 2737 487 2823 ἀγαθόν
510 2741 594 2816 ἐστιν,
619 2735 675 2802 οὔτ’
702 2739 776 2816 οῖδα,
801 2739 867 2826 ἔφη,
891 2735 958 2803 οὔτε
982 2739 1094 2822 δέομαι.
1139 2736 1282 2806 Bonum

190 2854 225 2914 et
247 2845 440 2932 pulchrum
472 2843 566 2912 idem
591 2866 679 2925 esse,
714 2849 835 2913 omnia
864 2848 961 2915 bona
996 2852 1030 2912 et
1053 2841 1204 2930 pulchra
1239 2839 1284 2908 ad

190 2972 249 3018 eas
273 2972 340 3028 res,
364 2948 410 3018 ad
435 2971 523 3036 quas
547 2951 638 3018 bene
661 2949 894 3029 sehaherent,
918 2948 1014 3017 mala
1037 2955 1072 3016 et
1095 2949 1215 3032 turpia
1239 2945 1284 3013 ad

191 3075 261 3134 eas,
293 3053 339 3122 ad
363 3075 451 3140 quas
476 3055 584 3123 male:
632 3062 649 3132 ἕ
674 3060 702 3121 7.
738 3053 909 3139 πάνταγὰρ
934 3052 1034 3137 ἀγαθὰ
1059 3050 1110 3136 μὲν
1133 3048 1183 3114 καὶ
1207 3033 1284 3113 καλά

108 3243 111 3246 ¹
190 3159 250 3221 ἐστι
273 3159 343 3243 πρὸς
367 3153 386 3222 ἃ
410 3155 444 3221 dv
468 3154 500 3222 sd
524 3158 590 3245 ἔχῃ,
614 3159 693 3222 κακὰ
722 3157 755 3221 δὲ
778 3156 826 3222 καὶ
851 3157 959 3244 αἰσχρὰ
988 3156 1057 3242 πρὸς
1082 3151 1100 3218 ἃ
1124 3151 1159 3218 dr
1182 3160 1286 3226 κακῶς.

190 3262 317 3350 Itaque
340 3264 475 3331 bonurn
500 3264 593 3331 nihil
618 3262 717 3331 aliud
742 3286 819 3331 esse
842 3267 914 3331 nisi
942 3262 1041 3340 utile,
1077 3267 1111 3327 et
1140 3258 1284 3345 quidem

191 3370 234 3448 ei,
258 3371 315 3436 eui
338 3368 426 3436 utile
451 3371 511 3436 sit:
536 3392 568 3436 v.
593 3367 644 3436 IV
668 3374 698 3447 6,
723 3375 751 3436 8.
778 3374 820 3453 9..

281 3472 507 3558 Quantopere
530 3474 620 3540 haee
643 3472 900 3558 Xenophontis
931 3469 1066 3556 placita
1100 3491 1180 3536 oum
1205 3468 1283 3535 An·
1343 3487 1345 3494 ’

193 3577 350 3645 tisthene
367 3581 593 3657 conveniant,
618 3576 733 3644 elueet
757 3598 800 3644 ex
824 3575 989 3643 Platonis
1013 3573 1158 3660 Hippia,
1183 3575 1284 3639 ouius

194 3684 347 3768 priorem
370 3689 508 3768 partem
532 3682 577 3750 ad
592 3682 809 3768 Cynicorum
832 3680 938 3748 illum
961 3682 1158 3766 prinoipem
1182 3697 1285 3762 spee-

193 3792 268 3853 tare
291 3786 381 3854 mihi
404 3790 576 3873 persuasi.
624 3787 746 3871 Neque
772 3788 866 3852 enirn
890 3781 1072 3866 intellego,
1104 3778 1284 3868 quomodo

194 3892 273 3976 quis
308 3890 405 3958 huno
451 3891 636 3974 dialogum
663 3912 683 3956 a
706 3889 857 3958 Platone
893 3885 1174 3976 abiudieandum
1209 3877 1288 3950 esse

195 3995 266 4063 sibi
287 3993 421 4078 fingere
444 3997 612 4081 potuerit,
646 3997 778 4081 quippe
813 4014 894 4060 eum
917 4000 995 4061 tota
1024 4011 1113 4077 quae
1136 3993 1231 4056 inest
1255 3990 1286 4054 ei

194 4097 236 4166 de
260 4098 420 4168 idearum
445 4102 622 4167 sententia
652 4107 687 4168 et
717 4097 895 4168 scribendi
923 4094 1171 4180 refutandique
1195 4095 1287 4162 ratio

195 4206 246 4270 ita
283 4202 545 4290 philosophum
585 4203 690 4274 illum
726 4205 854 4289 spiret,
892 4209 932 4270 ut
964 4222 1028 4288 pro
1064 4207 1157 4266 nerto
1194 4189 1288 4264 hane

196 4311 427 4394 scriptionem
458 4310 489 4376 ei
520 4311 702 4392 assignare
729 4310 921 4393 possimus.
979 4305 1088 4372 Recte
1111 4301 1286 4370 Weberus

193 4412 301 4493 vidit,
346 4413 473 4484 acerba
508 4434 578 4499 qua
611 4412 698 4480 haee
734 4414 909 4480 sermonis
944 4432 1027 4496 pars
1063 4407 1188 4477 referta
1234 4412 1288 4473 est

198 4519 361 4586 irrisione
395 4517 586 4586 manifesto
622 4517 877 4585 Antisthenen]
923 4512 1128 4597 signifieari,
1174 4509 1287 4580 veluti
