3246 5252
890 535 929 598 12

358 723 462 805 genti
485 725 616 799 autom,
640 723 677 787 in
698 742 803 806 quem
821 720 996 806 quadrent
1010 720 1148 814 decreta
1165 724 1202 789 in
1224 722 1292 790 hoc
1310 720 1453 806 dialogo

359 824 512 912 prolata,
557 825 648 892 inter
667 837 806 893 'omnes
843 824 1010 912 aequales
1045 848 1158 894 unum
1189 825 1453 912 respiciendum

361 929 472 998 fuisse
495 930 751 997 Antisthenem
775 928 873 996 haud
898 929 1090 998 difficulter
1114 931 1307 1017 apparebit.

449 1033 590 1102 Scimus
614 1026 869 1106 Antisthenem
893 1040 966 1102 arte
991 1056 1028 1102 se
1052 1033 1253 1122 applicasse
1285 1033 1329 1101 ad
1353 1033 1453 1102 illam

360 1243 578 1321 continebat
603 1262 751 1328 eamque
776 1243 820 1311 ob
845 1263 918 1309 rem
936 1242 1110 1321 docuisse,
1134 1265 1312 1311 summam
1331 1242 1451 1328 philo-

361 1348 528 1436 sophiam
552 1349 709 1432 positam
733 1367 810 1413 esse
834 1349 872 1413 in
895 1345 1075 1427 felicitate,
1107 1369 1213 1434 quam
1236 1350 1350 1415 virtus
1375 1345 1453 1415 sola

360 1454 549 1540 praebeat;
574 1458 615 1518 ut
631 1451 854 1534 igiturbeate
867 1452 1044 1531 vivamus,
1069 1455 1223 1520 maxime
1242 1451 1451 1537 adpetamus

361 1578 506 1626 neccsse
530 1576 607 1622 esse
631 1557 825 1622 scientiam.

276 1657 280 1664 ’
447 1660 638 1727 Platonem
668 1661 706 1726 iu
730 1659 798 1728 hoc
822 1680 983 1730 sermone
1015 1683 1089 1731 non
1113 1683 1216 1730 suam
1241 1658 1303 1728 sed
1326 1659 1453 1726 Antis-

330 1766 481 1834 'thenis
524 1763 722 1832 doctrinam
763 1763 957 1850 protulisse
994 1787 1033 1834 eo
1075 1765 1321 1842 confirmatur,
1358 1761 1453 1850 quod

360 1870 483 1957 plures
497 1870 605 1938 huius
619 1868 792 1954 colloquii
804 1866 903 1936 locos
921 1868 966 1937 ad
978 1870 1268 1938 Antisthenioam
1282 1870 1454 1954 originem

361 1976 486 2043 referre
515 1995 623 2059 posse
657 1974 748 2040 mihi
790 1972 921 2041 videor.
981 1974 1023 2041 In
1058 1977 1174 2061 priore
1209 1973 1455 2059 disputatione

361 2102 443 2148 cum
483 2078 602 2148 Clinia
643 2080 811 2146 instituta
847 2077 1032 2156 Socrates,
1076 2086 1269 2165 postquam
1309 2076 1452 2145 divitias

359 2179 516 2264 ¹honores
531 2182 614 2261 alia,
639 2203 729 2267 quae
742 2183 837 2251 bona
849 2190 1033 2269 putantur,
1057 2181 1150 2250 nihil
1170 2182 1287 2251 ualere
1305 2180 1452 2251 demon-

362 2293 492 2360 stravit
517 2286 562 2354 ad
586 2286 801 2366 felicitatem
826 2286 1023 2356 concludit:
1059 2287 1078 2370 ἡ
1103 2285 1192 2372 σοφία
1221 2282 1279 2372 ἄρα
1302 2291 1454 2370 πανταχοῦ

362 2394 493 2481 εὐτυχεῖν
517 2393 596 2454 ποιεῖ
621 2390 687 2462 τοὺς
710 2389 889 2476 ἀνθρώπους
925 2391 958 2454 ού
987 2393 1041 2477 γὰρ
1064 2391 1157 2473 δήπου
1186 2390 1349 2478 ἁμαρτάνοι
1371 2387 1394 2473 γ’
1421 2385 1456 2452 ἄν

359 2499 430 2563 ποτέ
453 2523 480 2560 τι
503 2492 600 2580 σοφία,
624 2494 685 2558 ἀλλ’
705 2493 817 2580 ἀνάγκη
835 2493 924 2581 ὀρθῶς
947 2495 1080 2580 πράττειν
1103 2494 1153 2560 καὶ
1175 2495 1336 2582 τυγχάνειν.
1366 2489 1456 2578 ἡγὰρ

361 2602 396 2668 ἂν
436 2601 531 2666 οὐκέτι
566 2599 655 2684 σοφία
688 2597 741 2682 εἴη.
761 2601 784 2680 ¹)
857 2602 989 2670 Mirum
1040 2609 1103 2680 est,
1143 2622 1250 2687 quam
1292 2598 1456 2669 absolute

360 2709 512 2776 scientia
546 2703 683 2773 dicatur
716 2726 862 2792 prorsus
899 2728 1011 2774 errare
1045 2728 1120 2775 non
1151 2728 1257 2792 posse
1304 2741 1345 2750 -·
1387 2703 1456 2772 hoc

363 2799 457 2881 enim
493 2809 693 2894 significare
731 2812 881 2879 verbum
919 2808 1065 2897 ιεὐτυχεῖν
1101 2808 1328 2892 Bonitcius²)
1365 2816 1456 2875 recte

364 2917 631 2986 demonstravit.
668 2954 709 2961 —
745 2915 849 2996 Quod
884 2918 961 2983 sine
993 2937 1101 2983 seusa
1134 2913 1211 2982 fieri
1240 2936 1321 2982 cum
1350 2932 1453 2980 nemo

361 3023 433 3090 sibi
456 3043 692 3107 persuasurus
718 3025 784 3099 sit,
814 3019 897 3086 inde
929 3018 1182 3106 explicandum
1213 3041 1290 3086 esse
1319 3035 1455 3093 censeo,

363 3126 459 3213 quod
494 3126 599 3194 Plato
628 3123 846 3210 Cynicorum
881 3123 1110 3210 disciplinam
1150 3121 1304 3192 irrideat.
1361 3119 1454 3188 Nam
1500 3123 1502 3128 '

362 3234 433 3317 ipsi
468 3229 594 3316 Cynici
628 3231 811 3298 scientiam
849 3250 925 3296 esse
951 3227 1173 3313 ,ἀναμάρτητον
1215 3227 1383 3295 dixerunt
1421 3231 1455 3292 et

364 3339 462 3405 omni
507 3338 636 3402 mentis
682 3333 883 3402 subtilitate
939 3332 1180 3402 demonstrare
1231 3330 1453 3400 studuerunt.

363 3439 506 3525 Ubique
544 3446 768 3524 presserunt,
804 3459 841 3505 se
876 3439 973 3506 solos
1009 3441 1187 3524 sapientes
1224 3458 1312 3516 esse,
1347 3455 1454 3520 supe-

362 3548 472 3612 riores
520 3543 671 3621 fortuna,
718 3547 779 3629 qui
820 3564 1006 3628 nunquam
1062 3546 1100 3611 in
1146 3537 1297 3611 errorem
1344 3560 1455 3625 quen-

362 3647 446 3715 dam
489 3646 642 3715 incidcre
682 3648 845 3733 possent:
916 3671 948 3715 v.
985 3648 1087 3732 Dicg.
1123 3647 1239 3714 Laert.
1284 3643 1343 3712 VI.
1383 3647 1453 3710 105.
1501 3719 1502 3724 χ

361 3750 529 3837 ἀξιέραστόν
552 3776 584 3814 τε
607 3752 654 3813 τὸν
678 3752 767 3836 σορὸν
790 3749 839 3814 καὶ
863 3749 1063 3834 ἀναμάρτητον
1091 3749 1140 3814 καὶ
1175 3748 1258 3835 φίλον
1288 3755 1329 3833 τῷ
1353 3744 1455 3832 ὁμοίῳ,

362 3855 439 3942 τύχγγ
463 3855 495 3920 δέ
520 3855 609 3940 μηδὲν
634 3857 803 3940 ἐπιτρέπειν.
821 3893 861 3900 -
879 3856 979 3926 Stob,
998 3856 1119 3939 Eulog,
1137 3856 1181 3923 ΙΙ,
1205 3860 1277 3923 348,
1318 3852 1455 3935 Διογένης

363 3960 421 4046 ἔφη
467 3959 536 4045 ὁροῖν
567 3961 618 4044 τὴν
660 3959 752 4047 τύχην
785 3963 930 4044 ἐνορῶσαν
965 3959 1061 4046 αὐτῷγ
1078 3957 1126 4022 καὶ
1161 3959 1317 4042 λέγουσαν·
1357 3963 1456 4020 τοῦτον

362 4063 425 4128 ὃόύ
470 4064 595 4149 δύναμαι
645 4065 760 4149 βαλέειν
805 4065 877 4128 κύνα
919 4070 1095 4150 λυσσητῆρα.
1174 4064 1291 4132 Multo
1347 4083 1455 4148 supe-

363 4175 473 4240 riores
509 4178 593 4239 sunt
628 4168 774 4255 reliquis
811 4169 1035 4246 mortalibus,
1079 4172 1252 4253 imagines
1297 4167 1454 4245 deorum,

452 4412 471 4478 ¹)
490 4429 516 4466 v.
536 4429 563 4479 p.
583 4415 635 4468 280
653 4413 687 4468 A.

452 4496 473 4564 2)
492 4516 510 4551 v
539 4496 613 4555 Plat.
633 4497 717 4555 Stud.
737 4517 765 4566 p,
785 4501 818 4554 98
837 4496 936 4554 adnot.
956 4501 979 4554 4.
