3246 5252
719 518 800 581 33·

123 751 132 761 -
185 702 346 772 Pecudes
381 702 545 790 exempla
579 705 698 774 nobis·
717 705 905 790 praebent,
937 703 1115 789 quomodo
1149 707 1281 791 optime

186 807 262 871 κατὰ
286 806 370 892 φύσιν
393 811 568 876 vivamus.
616 806 717 888 Quae
732 807 866 877 liberae
883 815 968 876 sunt
982 809 1149 877 omnibus
1174 812 1283 888 curis,

184 918 380 980 vescuntur
403 915 447 980 iis
471 911 657 993 fructibus,
689 933 778 999 quos
811 920 940 981 natura
964 912 1057 982 ultro
1091 915 1141 980 eis
1167 911 1280 991 offert,

185 1017 318 1085 bibunt
341 1037 472 1102 aquam
500 1037 544 1084 ex
574 1015 746 1098 fontibus,
784 1023 982 1103 pascuntur
1015 1015 1122 1085 viridi
1156 1015 1280 1085 fronde
1335 1093 1338 1102 ,

186 1122 364 1190 arborum.
417 1120 604 1191 Noverunt
627 1118 766 1190 nullam
794 1122 985 1201 luxuriam,
1018 1119 1139 1189 nullas
1163 1128 1280 1189 vestes

182 1228 258 1294 nisi
291 1231 379 1311 quas
415 1224 502 1293 deus
538 1227 615 1312 ipse
651 1228 702 1292 eis
737 1225 843 1293 dedit¹
861 1247 1030 1313 iquaeque
1064 1227 1157 1300 satis
1177 1245 1279 1312 prae-

184 1327 272 1398 sidii
319 1343 441 1397 contra
480 1329 592 1412 frigus
639 1338 674 1398 et
716 1330 870 1401 calorem
913 1331 1094 1416 praebent.
1156 1329 1280 1416 Itaque

183 1433 364 1514 homines
395 1436 427 1500 si
455 1432 499 1501 ad
530 1455 651 1502 veram
680 1433 887 1503 felicitatem
918 1433 1064 1520 perduci
1087 1434 1217 1503 volunt
1247 1442 1282 1503 et

188 1536 257 1605 diis
294 1536 429 1604 similes
468 1536 566 1618 fieri,
615 1558 674 1605 eas
712 1541 845 1606 imitari
883 1537 1027 1608 debent:
1067 1535 1116 1601 καὶ
1155 1536 1280 1622 μάλιστα

183 1643 315 1724 ἐμιμεῖτο
339 1647 393 1704 τῶν
417 1645 488 1704 θεῶν
510 1641 559 1704 τὸν
582 1639 643 1726 βίον
667 1642 715 1728 (p.
741 1647 804 1711 208
820 1642 890 1725 R.)-

256 1745 434 1814 =Dubium
456 1747 566 1829 igitur
590 1767 667 1816 esse
690 1751 815 1832 nequit
833 1750 920 1832 quin
943 1748 1031 1816 haec
1056 1749 1277 1833 comparatio

179 1849 374 1918 hominum
398 1870 479 1917 oum
501 1871 606 1933 grege
636 1852 747 1919 boum
782 1873 856 1920 non
886 1851 1073 1919 aSocrate
1107 1853 1279 1934 originem

185 1957 368 2040 acceperit,
406 1953 470 2022 sed
503 1957 623 2040 potius
659 1956 702 2023 ab
736 1955 955 2033 Antisthene
992 1956 1155 2024 adhibita
1190 1961 1224 2022 et
1259 1975 1280 2021 a

184 2056 428 2144 Xenophonte
451 2067 592 2144 recepta
616 2062 672 2126 sit.
714 2112 718 2118 .

272 2163 396 2248 Neque
408 2166 528 2231 minus
554 2161 704 2230 offendit
726 2166 935 2250 interpretes
960 2185 1075 2238 sermo
1100 2161 1161 2229 ille
1177 2163 1271 2230 Alci·

182 2266 303 2336 biadis
321 2265 402 2336 cum
418 2266 554 2334 Pericle
571 2274 688 2336 tutore
701 2267 848 2336 habitus
875 2267 996 2348 (Mem.
1021 2267 1098 2345 aa
1120 2267 1274 2350 41-46).

183 2371 233 2439 Et
260 2378 353 2439 reete
389 2369 615 2440 offenderunt
649 2373 717 2441 viri
758 2371 861 2442 docti.
915 2371 1039 2457 Neque
1076 2373 1170 2438 enim
1202 2369 1277 2438 fieri

183 2483 313 2562 potest,
337 2482 379 2544 ut
401 2477 516 2561 primo
543 2477 674 2544 obtutu
697 2475 962 2561 intellegamus
987 2474 1075 2562 quid
1096 2473 1276 2561 Xenopho

182 2579 251 2648 hac
275 2579 520 2666 disputatione
545 2578 680 2648 efficere
704 2578 860 2649 voluerit
890 2580 948 2648 vel
972 2602 1077 2666 quem
1101 2601 1277 2647 conexum

184 2706 265 2752 cum
299 2691 376 2752 tota
408 2687 610 2752 narratione
644 2685 786 2754 habeat.
824 2685 933 2764 „Ein
967 2705 1108 2769 grosser
1137 2682 1275 2751 Staats-

182 2793 327 2867 mann“‚
351 2791 469 2874 inquit
480 2789 680 2868 Krohnius
706 2788 787 2867 „der
809 2792 848 2856 in
871 2791 986 2856 seiner
1002 2788 1146 2872 Jugend
1163 2787 1278 2856 selbst

129 2901 135 2910 ’
182 2893 331 2962 Meister
355 2892 415 2962 der
438 2893 674 2980 Disputation
697 2914 860 2978 genesen
888 2895 964 2962 sein
987 2892 1073 2972 will,
1105 2890 1177 2962 soll
1199 2893 1277 2960 sich

183 3001 251 3066 mit
285 2997 392 3066 allem
428 2996 540 3076 Geist,
576 2996 664 3066 aller
687 2998 893 3081 Erlahrung
927 3000 964 3065 in
999 2999 1135 3065 seinem
1157 2997 1276 3066 Fache
1357 3025 1361 3030 ·

182 3124 255 3170 von
280 3105 394 3170 einem
410 3101 589 3187 Jiingling
612 3101 783 3186 schlagen
806 3103 952 3172 lassen‘l
984 3100 1050 3170 Die
1074 3099 1277 3186 Erfindung

183 3209 231 3274 ist
261 3205 535 3290 gcschmecklos
568 3205 643 3275 und
666 3205 929 3274 unnatiirlich“.
977 3203 1049 3274 Sed
1077 3208 1184 3280 etiam
1207 3205 1276 3276 hoc

179 3311 261 3380 loco
278 3310 465 3378 Krohnius
482 3309 631 3379 celerius
655 3309 834 3379 iudicasse
850 3310 941 3378 mihi
956 3308 1108 3378 videtur.
1145 3310 1276 3394 Agitur

184 3413 226 3484 de
251 3417 470 3502 quaestione,
502 3414 589 3500 quid
612 3418 660 3483 sit
686 3412 796 3499 ινόμοέ.
844 3411 949 3494 Quod
972 3420 1013 3481 ut
1036 3422 1275 3498 cognosceret,

183 3519 391 3589 Alcibiades
433 3518 628 3598 Periclem,
673 3521 789 3587 virum
837 3517 1054 3605 reipublicae
1100 3517 1275 3603 regendae

180 3627 450 3710 peritissimum,
486 3622 582 3692 adiit.
610 3617 702 3691 'Sed
731 3645 776 3691 ne
805 3623 849 3692 ab
880 3622 949 3690 hoc
974 3620 1117 3709 quidem
1142 3621 1184 3692 de
1208 3624 1275 3691 hac

182 3750 219 3798 re
260 3727 442 3807 edocetur;
493 3749 578 3796 nam
625 3730 702 3814 ipse
749 3749 829 3798 eum
875 3725 1119 3796 definitionem
1166 3748 1274 3812 quam

181 3839 370 3901 statuerat:
416 3830 520 3903 πάντες
547 3880 554 3894 .
577 3880 583 3893 .
607 3880 644 3894 ..
675 3821 754 3895 οὗτοι
788 3830 871 3924 νόμοι
900 3827 978 3906 εἰσίν,
1014 3825 1063 3902 οὓς
1097 3830 1129 3893 τὸ
1165 3834 1274 3913 πλῆθος

182 3935 316 4001 συνελθὸν
340 3935 389 4000 καὶ
412 3935 573 4019 δοκιμάσαν
596 3933 714 4020 ἔγραψε,
738 3956 902 4005 revocare
926 3937 1022 4020 cogit
1045 3943 1079 4002 et
1102 3933 1274 4013 confiteri,

179 4063 232 4122 ea,
248 4062 338 4127 quae
350 4039 546 4126 legislatorJ
567 4047 759 4125 antequam
774 4038 910 4126 populo
925 4041 1152 4124 persuaserit,
1167 4041 1271 4106 insti-

106 4149 108 4154 '
179 4149 298 4224 tuerit,
320 4168 383 4232 pro
407 4144 485 4228 lege
509 4167 582 4212 non
600 4143 776 4224 habenda,
801 4146 909 4211 immo
934 4145 966 4210 ei
982 4146 1158 4212 contraria
1183 4164 1270 4210 esse.

181 4248 275 4314 Μάλα
289 4274 340 4324 τοι,
364 4252 480 4337 pergit
502 4249 693 4335 Xenopho,
717 4246 807 4333 φάναι
819 4247 867 4310 τὸν
881 4246 1036 4331 Περικλέα,
1060 4241 1272 4332 ὦἊλκιβιοὶδη,

179 4349 230 4415 καὶ
261 4352 344 4437 ἡμεῖς
378 4358 543 4437 τηλικοῦτοι
576 4346 654 4425 ’ὄντες
684 4350 770 4416 δεινοὶ
801 4351 836 4414 τὰ
866 4355 986 4414 τοιαῦτα
1017 4345 1106 4434 ἧμιν·
1152 4355 1273 4414 τοιαῦτα
