3246 5252
892 541 934 609 22

369 735 531 796 accurate
554 735 694 814 separet
723 727 850 812 deique
881 725 1019 813 φρόνησιν
1050 749 1168 796 rerum
1192 730 1470 798 universitatem

371 831 594 920 disposuisse
631 835 732 918 eique
767 853 906 919 semper
941 831 1124 900 consulere
1152 832 1373 920 profiteatur,
1400 832 1468 902 ille

372 960 392 1005 a
427 935 672 1023 Xenophonte
700 936 808 1021 longe
839 935 1054 1005 dissentiens
1089 939 1127 1004 in
1157 936 1392 1024 philosophia
1422 945 1471 1006 ut

371 1045 423 1109 ite
457 1039 571 1110 dicam
607 1040 763 1113 naturali
786 1043 913 1108 nititur
936 1044 1170 1114 strationem
1203 1064 1266 1129 pro
1291 1046 1370 1129 ipso
1396 1041 1464 1112 deo

372 1143 575 1214 habendam
597 1159 687 1214 'esse
736 1144 901 1231 idemque
944 1144 1061 1214 valere
1091 1153 1210 1232 ¹atque
1228 1187 1234 1200 κ
1250 1150 1369 1231 ignem
1416 1145 1465 1230 (τὸ

372 1251 501 1334 πνεῦμα)
527 1254 670 1319 statuit:
693 1273 726 1318 v.
745 1250 814 1319 Cio.
841 1249 883 1317 de
907 1257 977 1318 nat.
1004 1249 1095 1318 deor.
1120 1250 1164 1318 Π.
1183 1255 1234 1330 22,
1259 1256 1315 1320 ot:
1355 1251 1468 1336 KZeno

373 1361 538 1422 naturam
573 1357 623 1422 ita
655 1353 791 1434 definit,
826 1361 867 1422 ut
901 1376 978 1422 eam
1014 1353 1109 1422 dieat
1131 1342 1251 1439 ignem
1276 1377 1353 1424 esse
1379 1357 1468 1423 arti-

374 1457 549 1538 ficiosum,
574 1457 619 1526 ad
641 1458 862 1544 gignendum
885 1457 1172 1546 progredientem
1195 1458 1273 1527 via'.

419 1585 425 1595 ·
462 1561 533 1630 Sed
556 1571 597 1632 ut
621 1563 666 1632 ad
691 1571 825 1633 eertum
848 1562 958 1633 finem
982 1585 1055 1632 rem
1071 1562 1319 1651 perduoamus
1343 1567 1469 1650 inqui*

374 1689 494 1738 ramus
530 1689 674 1738 neeesse
709 1677 773 1749 est,
809 1671 941 1755 quibus
978 1671 1184 1738 auctoribus
1221 1667 1341 1737 Cioero
1376 1691 1468 1736 usus

364 1775 431 1848 sit.
480 1771 585 1854 Quod
609 1793 694 1841 sene
719 1772 864 1842 difficile
889 1783 943 1843 est
966 1772 1174 1842 diiudicatu.
1222 1774 1346 1860 Neque
1371 1777 1469 1844 enim

266 1954 269 1962 ¹
376 1875 520 1956 suffieit,
551 1877 648 1963 quod
674 1899 778 1964 quem
803 1887 973 1966 sequatur
997 1883 1205 1966 seriptorem
1229 1877 1474 1964 exploremus,

377 1981 440 2052 sed
465 2003 535 2068 qua
559 1985 698 2051 ratione
721 1985 864 2064 scribat,
900 1983 1079 2068 quomodo
1110 2005 1214 2070 quem
1245 1980 1470 2069 sequendum

377 2089 448 2156 sibi
489 2090 716 2173 proposuerit
763 2090 939 2174 exprimat
981 2088 1221 2157 observemus.
1239 2089 1265 2171 1)
1321 2087 1471 2174 'Optime

376 2191 561 2259 Usenerus
595 2190 865 2271 demonstravit,
895 2192 1101 2261 Ciceronem
1128 2191 1240 2262 libros
1267 2191 1470 2261 Stoioorum

377 2317 491 2382 neque
511 2295 704 2382 perlegisse
720 2317 835 2382 neque
851 2300 890 2364 in
906 2301 1044 2366 viscera
1072 2296 1325 2383 philosophiae
1347 2317 1470 2365 eorum

377 2406 593 2488 penetrasse,
618 2399 680 2468 sed
691 2408 837 2469 tantum·
860 2400 900 2486 ‘ri
924 2397 1080 2486 κεφάλαιοί
1106 2404 1339 2487 usurpavisse
1358 2420 1474 2486 eaque

381 2505 539 2591 tlargiore
565 2503 657 2572 stilo'
690 2512 917 2591 persecutum
941 2527 1028 2574 esse.
1043 2505 1065 2585 ²)
1112 2505 1215 2586 Quod
1244 2527 1368 2574 verum
1392 2525 1471 2572 esse

339 2699 340 2702 Ἴ
379 2631 460 2677 oum
499 2609 619 2678 Oioero
660 2612 737 2696 ipse
772 2617 940 2678 testatur:
980 2611 1195 2700 tapographa
1231 2616 1326 2688 sunt,
1360 2611 1477 2678 verba

378 2721 521 2782 tantum
546 2713 677 2792 adfero,
702 2715 833 2802 quibus
859 2714 1024 2793 abundo',
1048 2723 1126 2784 tum
1150 2735 1365 2800 magnoque
1387 2713 1473 2782 libri

381 2822 456 2887 eius
474 2821 664 2904 compositi
688 2826 773 2886 sunt
797 2822 1002 2904 ignorantia
1026 2819 1306 2904 etneglegentia.
1347 2819 1473 2904 ltaque

381 2923 532 2993 dubium
555 2924 645 2991 mihi
675 2945 749 2991 non
771 2922 923 3004 videtur,
960 2928 1046 3010 quin
1071 2924 1191 2992 Cicero
1221 2927 1259 2992 in
1294 2921 1472 2992 alterode

380 3036 451 3096 nat.
477 3027 569 3097 deor.
594 3025 699 3106 libro,
735 3029 851 3107 siouti,
887 3034 927 3096 ut
956 3028 1041 3097 deos
1066 3051 1143 3097 esse
1168 3029 1331 3115 explieat,
1366 3027 1472 3112 tloeos

381 3155 402 3200 a
417 3131 613 3200 Posidonio
624 3141 626 3146 '
638 3138 769 3200 temere
790 3131 956 3220 arreptos’
982 3157 1063 3203 eum
1076 3133 1293 3202 Academica
1310 3130 1475 3199 doctrina

326 3317 328 3321 v
381 3240 573 3313 misouerit
596 3241 647 3306 ita
679 3240 797 3316 etiam,
832 3246 873 3306 ut
903 3238 1079 3306 mundum
1114 3241 1251 3305 ratione
1282 3237 1474 3320 gubernari

383 3341 659 3422 demonstraret,
691 3341 735 3410 ad
768 3345 984 3410 sententiam
1015 3340 1318 3428 comprobandam
1349 3339 1472 3428 Xeno-

382 3447 530 3534 phontis
555 3450 840 3524 oommentarios
876 3468 965 3532 quos
991 3453 1151 3515 aoourate
1176 3468 1257 3514 eum
1279 3443 1473 3531 perlegisse

357 3565 364 3576 '
384 3554 471 3620 satis
496 3558 621 3618 notum
646 3560 710 3630 est,
734 3550 945 3620 adhibuerit.

471 3655 678 3734 Consensus
726 3659 787 3743 qui
822 3665 957 3724 exstat
985 3658 1078 3723 inter
1118 3654 1399 3740 Xenophontem
1441 3662 1476 3723 et

384 3761 591 3828 Aristotelis
613 3761 747 3830 librum
774 3759 824 3846 tde
845 3763 1009 3848 partibus
1023 3757 1241 3829 animalium’
1267 3759 1369 3828 facile
1392 3758 1475 3828 inde

385 3865 598 3951 explicatur,
656 3865 752 3952 quod
806 3886 895 3951 quae
951 3873 1099 3952 uterque
1155 3865 1307 3950 protulit
1360 3857 1474 3934 multo

386 3977 467 4036 ante
492 3991 613 4038 eorum
637 3977 800 4056 tempora
830 3971 941 4038 lonioi
973 3973 1034 4055 qui
1066 3969 1232 4037 dicuntur
1265 3967 1476 4056 philosophi

475 4228 494 4296 ¹)
513 4247 540 4284 v.
559 4229 681 4299 Usener,
701 4229 847 4298 Epicurea
866 4228 897 4286 in
916 4228 1050 4297 Prolegg.
1069 4227 1163 4285 LXV.
1183 4245 1248 4296 sqq·

474 4314 494 4382 2)
519 4316 595 4374 Cum
619 4316 731 4374 librum
761 4317 798 4374 de
822 4315 929 4374 offleiis
953 4313 1122 4384 scripturus
1150 4315 1196 4384 sit,
1224 4315 1261 4372 ab
1286 4312 1481 4373 Athenodoro

388 4402 479 4461 Calvo
497 4403 581 4474 petit,
593 4409 635 4467 ‚ut
653 4404 691 4461 ad
711 4422 743 4462 se
772 4404 809 4476 (τὰ
827 4399 967 4477 repellar&
995 4402 1096 4460 mittat
1124 4403 1160 4470 (v.
1180 4402 1267 4472 epist.
1286 4401 1324 4459 ad
1343 4399 1480 4459 Atticum

386 4491 470 4550 XVI.
490 4497 531 4561 11,
551 4495 575 4548 t.
605 4495 645 4561 14,
664 4492 700 4558 4.)
