3246 5252
725 539 765 602 41

200 722 425 811 supplendus
464 731 516 792 est
549 721 651 791 loeus
687 720 728 768 -ss
767 722 870 790 aliter
903 721 1080 800 docerent,
1114 725 1293 806 genuinos

201 825 357 898 Socratis
383 826 579 914 discipulos
610 826 785 913 appellari
815 849 888 894 non
918 847 1034 913 posse.
1080 826 1156 895 Iam
1180 827 1293 908 vides,

201 931 246 1000 ad
271 931 425 1019 Cynicos
442 932 537 1000 haec
559 932 671 1000 verbe
694 937 863 1018 spectare,
899 935 971 1017 qui,
1006 938 1046 998 ut
1075 952 1198 999 omnes
1222 937 1291 1001 rei-

198 1035 365 1124 publicae
387 1035 485 1120 leges
511 1039 702 1121 omniaque
725 1038 892 1105 instituta
915 1034 1137 1116 tollerentur,
1162 1036 1293 1106 diserte

198 1139 443 1227 postulabant.
492 1139 715 1209 Confirmant
738 1140 831 1208 hano
855 1143 1070 1208 sententiam
1086 1140 1156 1209 Dio
1174 1141 1290 1228 Chry-

199 1253 284 1314 sost.
309 1244 368 1340 IX!
385 1267 418 1332 p.
444 1251 507 1314 310
530 1245 563 1312 R
597 1245 789 1328 etJJulian.
822 1243 873 1311 VI
896 1265 929 1331 p.
956 1249 1018 1312 195
1047 1243 1096 1323 A,
1133 1248 1195 1331 qui
1219 1246 1292 1334 Gy·

199 1352 299 1418 nicos
324 1353 596 1418 exercitationes
620 1350 810 1418 hominum
841 1350 1012 1418 virtutem
1044 1353 1290 1435 appetentium

198 1462 233 1522 et
255 1453 396 1524 labores
421 1461 686 1539 egestatemque
717 1455 952 1522 subeuntium
988 1451 1139 1538 ιιλσ·κη’σεις’
1166 1455 1290 1542 appel-

198 1556 294 1626 lasse
310 1558 415 1626 nobis
432 1565 618 1626 testantur.
632 1559 660 1640 1λ
700 1558 740 1625 of.
757 1560 863 1626 etiam
886 1556 1168 1642 Euthydemum,
1186 1580 1291 1645 quem

198 1661 244 1729 ad
292 1662 547 1732 Antisthenem
585 1661 807 1731 referendum
847 1683 925 1729 esse
960 1683 1070 1747 supra
1115 1662 1290 1732 vidimus:

198 1765 327 1850 ἐγὼμὲν
351 1761 400 1830 οὖν
417 1771 508 1830 ταῦτα
532 1765 620 1841 εἷπον,
644 1761 668 1828 ὦ
688 1763 816 1852 Κρίτων·
839 1771 880 1851 τῷ
900 1764 932 1828 δὲ
956 1766 1028 1848 μετὰ
1052 1771 1135 1829 τοῦτο
1160 1767 1290 1851 ἐσομένῳ

197 1868 272 1932 πάνυ
303 1869 416 1954 σφόδρα
450 1872 605 1956 προσεῖχον
638 1871 686 1934 τόν
720 1875 794 1946 νοῦν,
829 1867 878 1932 καὶ
903 1869 1090 1946 ἐπεσκόπουν,
1125 1869 1187 1934 τίνα
1222 1870 1293 1935 ποτὲ

196 1972 301 2058 τρόπον
324 1970 443 2058 ἅψοιντο
466 1980 517 2037 τοῦ
540 1973 627 2058 λόγου
650 1972 700 2037 καὶ
728 1973 834 2037 ὁπόθεν
868 1968 996 2058 ἄρξοιντο
1024 1975 1294 2058 παρακελευόμενοι

197 2083 238 2162 τῷ
256 2076 397 2162 νεανίσκῳ
421 2076 525 2164 σοφίαν
548 2103 579 2141 τε
602 2076 651 2142 καὶ
675 2077 780 2163 ἀρετὴν
805 2077 942 2162 tazates)

202 2210 204 2216 ·
286 2181 402 2263 Quam
425 2183 607 2269 Xenopho
642 2186 719 2269 ipse
751 2181 793 2250 de
816 2183 1052 2270 philosophia
1085 2184 1183 2252 civili
1207 2207 1289 2254 sen-

196 2289 347 2354 tentiam
387 2287 571 2367 habuerit,
607 2287 803 2355 clarissime
839 2307 919 2355 cum
955 2287 1179 2374 Cyropaedia
1213 2298 1292 2358 tum

196 2388 353 2458 mirabili
375 2391 439 2469 illo
465 2387 579 2478 capite
602 2391 708 2460 Mem.
732 2390 785 2458 HI
819 2396 839 2458 5
863 2391 1058 2461 edocemur.
1094 2391 1287 2462 Consensit

201 2514 280 2584 eum
315 2495 468 2564 Platone
507 2503 542 2564 et
577 2496 806 2575 Antisthene,
846 2496 1106 2584 rempublicam
1149 2500 1208 2578 ita,
1250 2507 1293 2565 nt

197 2604 283 2666 tnnc
306 2602 475 2668 instituta
499 2608 602 2682 esset,
636 2603 781 2687 probari
815 2623 888 2669 non
920 2622 1037 2687 posse,
1072 2623 1220 2688 eamque
1246 2603 1292 2672 ob

198 2724 271 2772 rem
294 2707 332 2772 in
356 2708 546 2790 imperium
569 2705 743 2792 populare
768 2707 996 2774 acerbissime
1011 2766 1013 2780 ,
1030 2708 1194 2773 invectus
1219 2714 1290 2774 est:

196 2829 228 2873 ν,
246 2807 351 2875 Mem.
372 2808 424 2876 Ill
445 2814 475 2889 7,
499 2815 527 2876 6.
576 2809 666 2878 Cum
694 2816 813 2877 autem
836 2810 1075 2878 Antisthenes
1100 2813 1293 2891 civitatem,

198 2932 287 2997 quae
327 2905 419 2980 inter
455 2916 688 2999 primigenios
723 2914 889 2982 homines
933 2914 1080 2993 fuisset,
1121 2921 1296 2982 statueret

199 3018 381 3101 optimam.
415 3017 563 3087 Platoni
586 3017 702 3086 vnulla
742 3019 964 3104 respublica,
1007 3040 1097 3104 quae
1131 3040 1293 3104 unquam

198 3123 405 3200 exstitisset,
441 3120 634 3201 sufficeret,
668 3123 862 3210 Xenopho,
899 3127 1126 3210 optimatium
1161 3123 1289 3202 fautor,

195 3225 360 3294 homines
394 3228 539 3295 miseria
561 3225 705 3296 liberari
739 3250 813 3297 non
845 3250 953 3314 posse
985 3232 1056 3296 nisi
1091 3227 1136 3296 ad
1172 3235 1295 3296 vetera

196 3329 468 3416 venerandaque
491 3334 659 3399 instituta
689 3336 865 3401 maiorum
901 3332 1071 3410 redirent,
1107 3332 1177 3399 sibi
1210 3351 1291 3417 per-

196 3433 394 3513 suaserat-²)
440 3427 598 3503 Tametsi
621 3435 806 3520 vulgarem
830 3440 1059 3516 sententiam,
1089 3456 1132 3503 ex
1156 3457 1227 3520 qua
1256 3437 1291 3514 ii,
1392 3464 1394 3467 ·

197 3540 259 3623 qui
286 3541 475 3625 imperium
509 3545 681 3620 tenerent,
715 3562 815 3625 reges
852 3541 1132 3629 appellarentur,
1166 3543 1292 3608 acriter

200 3645 430 3729 impugnavit
453 3650 489 3711 et
513 3647 690 3712 artissime
714 3645 759 3714 ad
774 3647 1030 3715 Antisthenem
1053 3667 1089 3713 re
1106 3644 1292 3731 applicans

199 3750 380 3833 sapientes
416 3746 514 3817 solos
549 3771 612 3834 pro
647 3751 791 3834 regibus
826 3749 1012 3819 habendos
1044 3772 1121 3819 esse
1156 3749 1292 3818 docuit²

195 3871 228 3918 v.
253 3851 358 3920 Mem.
383 3852 435 3920 ΙΙΙ
473 3859 578 3931 9,10.
626 3855 754 3938 βασιλεῖς
778 3853 810 3917 δὲ
840 3852 889 3917 καὶ
913 3849 1050 3941 ἄρχοντες
1083 3852 1117 3916 οὐ
1152 3853 1217 3924 τοὺς
1249 3858 1288 3916 toi

201 3959 332 4040 σκῆπτρα
375 3954 495 4041 ἔχοντας
537 3955 594 4042 ἔφη
634 3956 706 4021 εἶναι
745 3955 813 4022 οὐδὲ
851 3957 917 4029 τούς
959 3958 1013 4021 ὑπὸ
1057 3964 1110 4021 τῶν
1146 3958 1293 4044 τυχόντων

195 4165 402 4173 ——--——-—

283 4280 303 4350 1λ
321 4299 349 4338 ν.
367 4281 483 4342 Weber·
503 4283 534 4340 ll.
552 4303 581 4353 p.
601 4289 660 4342 225.

197 4449 199 4454 Ι
283 4367 302 4436 ⁸²)
322 4368 456 4438 Euthyd.
475 4387 504 4438 p.
523 4375 574 4427 283
583 4373 619 4430 Α.

280 4455 304 4522 ³)
323 4471 350 4512 v.
369 4455 457 4514 Mem.
477 4456 526 4514 ΠΙ
544 4463 569 4528 5,
589 4462 665 4516 7-9,
