3246 5252
832 497 917 563 ,16

349 687 546 772 principem
581 690 651 750 tres
685 681 798 750 libros
837 680 879 748 de
923 681 1115 750 educandis
1151 669 1445 750 adulescentibus

350 792 598 874 composuisse
622 786 725 871 Diog.
751 786 869 853 Laert.
894 794 1054 855 testatur.
1071 789 1098 870 ¹)

438 891 494 960 Ex
518 893 682 978 sequenti
706 889 950 976 disputatione
984 899 1145 977 apertum
1177 891 1229 970 fit,
1253 890 1443 960 Platonem

349 997 444 1065 hanc
457 1001 632 1066 rationem
645 1017 725 1062 eum
750 998 788 1063 in
808 994 916 1064 finem
935 995 1155 1074 adhibuisse,
1179 1004 1219 1063 ut
1234 994 1447 1071 ostenderet,

352 1122 458 1187 quam
474 1123 570 1169 vana
595 1107 688 1167 esset
701 1098 863 1167 doctrina
875 1099 1115 1178 Antisthenis,
1141 1102 1212 1186 qui,
1237 1102 1305 1188 etsi
1328 1101 1442 1166 scien-

351 1209 439 1274 tiam
466 1228 546 1273 cum
570 1226 643 1272 una
667 1203 818 1274 adferret
841 1203 1056 1283 felicitatem,
1086 1225 1150 1290 pro
1176 1225 1316 1271 summo
1348 1205 1445 1272 bono·

351 1309 556 1394 habendam
581 1330 729 1394 eamque
753 1310 797 1377 ab
823 1331 895 1376 rem
920 1310 1075 1376 maxime
1099 1306 1336 1393 adpetendam
1367 1327 1446 1374 esse

351 1417 530 1500 exposuit,
556 1436 609 1482 ¹ne
645 1413 868 1481 demontrare
894 1410 1037 1498 quidem
1060 1420 1193 1498 posset,
1229 1431 1299 1497 qua
1321 1432 1358 1477 re
1381 1408 1447 1478 illa

352 1520 501 1585 scientia
536 1521 784 1586 contineretur.
830 1515 906 1583 Hac
942 1516 984 1584 de
1015 1537 1123 1584 causa
1159 1538 1281 1584 omnes
1316 1513 1442 1582 defini-

267 1617 285 1628 ”
351 1625 469 1691 tiones
500 1619 690 1688 aSocrate
724 1618 885 1706 prolatas
909 1620 1019 1695 falsas
1044 1642 1121 1689 esse
1158 1619 1381 1688 demonstrat
1411 1623 1445 1684 et

353 1747 444 1802 eum,
476 1727 607 1810 quippe
632 1746 712 1792 cum
737 1721 990 1820 quaestionem
1008 1724 1052 1792 ad
1076 1732 1210 1793 certum
1233 1723 1343 1792 finem
1365 1744 1444 1810 per·

354 1828 480 1897 ducere
504 1836 668 1915 nequeat,
693 1827 866 1914 sophistis
892 1829 1155 1914 supplicantem
1168 1829 1260 1909 facit,
1285 1836 1325 1896 ut
1348 1831 1445 1896 viam

353 1937 541 2003 scientiam
566 1930 773 2000 inveniendi
793 1933 862 1999 sibi
877 1932 1076 2001 ostendant.
1111 1932 1216 2014 Quod
1234 1936 1265 2000 si
1283 1941 1445 2000 tenemus

353 2038 457 2106 facile
483 2058 622 2123 quoque
647 2036 843 2121 apparebit,
868 2057 928 2103 cur
951 2043 1028 2104 tota
1044 2038 1242 2124 disputatio
1266 2029 1305 2104 i'n
1328 2033 1446 2104 medio

354 2141 585 2228 relinquatur.
622 2139 727 2208 Plato
741 2143 836 2208 enirn
856 2149 1028 2226 tanquam
1044 2142 1320 2210 fundamentum
1334 2142 1446 2209 totius

354 2246 536 2316 doctrinae
560 2241 698 2323 statuit,
725 2267 865 2314 omnem
890 2250 1075 2314 scientiam
1100 2269 1190 2332 opus
1215 2268 1292 2313 esse
1316 2251 1447 2312 certam

356 2349 536 2436 quandam
560 2371 633 2418 rem
646 2349 816 2436 proferre:
841 2349 911 2418 vid.
926 2350 1026 2438 Reip.
1048 2373 1127 2438 pag.
1142 2350 1258 2418 tran.
1295 2345 1449 2432 ὁγιγνώσ-

354 2480 413 2518 κιον
435 2452 586 2538 γιγνώσκει
608 2451 634 2516 τὶ
656 2449 676 2536 ἢ
700 2451 801 2532 odbe'v3
830 2455 865 2517 cb
889 2449 939 2518 οὖν
969 2481 1017 2538 μοι
1047 2454 1117 2540 ὑπὲρ
1146 2452 1256 2518 ἐκείνου
1281 2450 1446 2536 ἀποκρίνου.

359 2597 398 2606 ·—
427 2557 646 2642 ἀποκρινοῦμαι,
682 2555 747 2642 ἔφη,
780 2554 823 2620 ὅτι
846 2559 995 2642 γιγνώσκει
1018 2556 1051 2622 τί.
1075 2597 1115 2605 -
1139 2557 1260 2643 πότερον
1291 2554 1322 2620 ὃν
1353 2553 1372 2640 ἢ
1396 2555 1458 2618 οὐκ

355 2659 407 2742 ἀν;
437 2700 473 2707 -
496 2657 534 2724 ὄν.
568 2667 628 2732 πῶς
651 2661 706 2746 γὰρ
730 2658 765 2724 ἀν
790 2662 829 2745 μή
853 2657 884 2724 ἀν
907 2662 940 2745 γέ
963 2687 989 2725 τι
1011 2661 1166 2747 γνωσθείη.
1213 2663 1346 2731 Contra
1369 2663 1447 2754 An-

357 2767 534 2834 tisthenes
569 2769 607 2834 in
642 2765 845 2834 definienda
881 2770 1039 2846 scientia,
1075 2767 1161 2854 quid
1190 2767 1255 2834 illa
1287 2765 1450 2842 efficeret,

355 2869 462 2957 plane
486 2869 645 2953 neglexit
673 2891 820 2956 eamque
845 2873 888 2938 ob
925 2893 1071 2940 causam
1101 2893 1206 2958 saepe
1241 2893 1261 2938 a
1295 2870 1449 2938 Platone

355 2977 510 3060 grauiter
541 2977 773 3060 vituperatur,
803 2972 917 3043 veluti
941 2975 1005 3044 illo
1029 2976 1129 3062 Reip.
1152 2975 1243 3052 loco,
1276 2997 1380 3060 quem
1404 2971 1449 3040 ad

356 3079 612 3147 Antisthenem
663 3085 821 3164 spectare
876 3101 984 3166 supra
1030 3080 1197 3159 vidimus,
1244 3077 1450 3147 deridentur

356 3182 530 3269 κομψότεροι
554 3178 619 3276 illi,
644 3187 802 3268 quicum
830 3181 979 3268 ιφρόνησιν’
1004 3207 1068 3270 pro
1087 3206 1227 3253 summo
1250 3186 1345 3252 bono
1364 3204 1449 3252 con-

357 3287 507 3355 tendant
531 3286 734 3354 habendam
758 3309 846 3367 esse,
870 3295 990 3356 tamen
1015 3287 1101 3374 quid
1126 3291 1315 3368 obiectum,
1339 3295 1379 3355 ut
1400 3290 1451 3355 ita

358 3390 484 3468 dicam,
518 3390 602 3458 huic
638 3394 835 3475 cognitioni
871 3395 928 3471 sit,
963 3393 1148 3461 enucleare
1182 3416 1256 3462 non
1284 3395 1450 3478 possint3

358 3494 447 3561 tales
477 3495 642 3562 homines
673 3495 824 3581 denique
853 3499 891 3564 in
924 3499 1045 3566 orbem
1076 3518 1214 3584 semper
1238 3519 1275 3564 se
1300 3499 1449 3564 circum-

359 3605 504 3682 agentes
541 3602 620 3682 cogi
653 3599 876 3685 respondere,
915 3603 1052 3670 bonum
1092 3624 1168 3670 esse
1208 3603 1450 3684 cognitionem

357 3705 462 3772 boni:
515 3700 591 3765 ἀλλὰ
631 3703 686 3786 μὴν
722 3701 772 3766 καὶ
803 3703 870 3766 τόδε
902 3729 936 3787 γε
959 3704 1054 3782 οἶσθα,
1089 3702 1133 3767 ὅτι
1167 3707 1224 3776 τοῖς
1259 3704 1311 3789 μὲν
1334 3702 1452 3774 πολλοῖς

357 3805 448 3890 ἡδονὴ
473 3807 554 3869 δοκεῖ
583 3806 711 3870 εἶναιτὸ
741 3806 862 3891 ἀγαθόν,
892 3810 949 3880 τοῖς
973 3809 1005 3872 δὲ
1031 3809 1218 3894 κομψοτέροις
1242 3808 1387 3896 φρόνησις.
1410 3812 1451 3852 '—

358 3916 418 3982 πῶς
447 3910 479 3974 οὲ
510 3907 559 3990 0b'3
594 3949 636 3955 —-
669 3910 718 3975 καὶ
748 3909 791 3975 ὅτι
822 3937 863 3996 γε,
895 3907 920 3974 ὦ
947 3912 1022 3998 φίλε,
1054 3913 1081 3977 οἱ
1111 3919 1194 3976 τοῦτο
1218 3912 1375 3998 ἡγούμενοι
1399 3909 1451 3974 οὐκ

359 4014 461 4101 ἔχουσι
493 4017 583 4088 δεῖξαι
606 4012 667 4098 ἥτις
691 4016 836 4102 φρόνησις,
869 4015 931 4080 ἀλλ’
959 4016 1169 4102 ἀναγκάζονται
1192 4015 1452 4098 τελεοτῶντες·τήν

358 4125 409 4184 τοῦ
434 4119 551 4204 ἀγαθοῦ
574 4118 672 4206 φάναι.

358 4367 360 4372 ’
450 4363 469 4432 ¹)
488 4381 515 4420 V·
535 4364 587 4421 Vl.
609 4371 648 4422 15.
678 4367 735 4438 περὶ
754 4361 917 4435 δικαιοσύνης
942 4367 986 4417 ’καὶ
1006 4361 1122 4436 ἀνδρείας
1148 4363 1333 4436 προτρεπτικὸς
1351 4368 1452 4422 πρῶτος

361 4448 475 4525 διόπερος
493 4454 585 4526 τρίτος.
