3246 5252
721 583 760 647 71

191 770 259 840 dea
283 768 414 838 coliata
429 773 545 857 turpis
571 774 618 838 sit
642 772 799 840 ethome
814 774 977 840 omnium
994 775 1290 858 sapientissimus

191 867 243 944 ita
266 897 287 944 a
308 873 578 962 pulchritudine
608 874 755 945 deorum
780 876 980 955 abhorreat,
1011 883 1059 956 ut,
1075 879 1183 946 simia
1207 898 1289 946 csse

192 978 374 1050 videatur:
421 1003 452 1048 v.
478 1002 510 1066 p.
537 985 600 1049 289
619 979 658 1047 Β.
692 976 711 1063 ἢ
734 977 769 1043 ot
792 977 842 1042 καὶ
861 977 1056 1064 Ἡράκλειτος
1078 978 1183 1044 ταύτὸν
1205 986 1289 1046 τοῦτο

189 1084 286 1168 λέγει,
318 1080 349 1148 ὃν
384 1085 418 1149 od
448 1084 565 1168 ἐπάγει,
601 1080 645 1147 ὅτι
679 1082 837 1168 ἀνθρώπιον
872 1082 888 1146 ὁ
919 1084 1085 1172 σοφώτατος
1116 1087 1188 1170 πρὸς
1223 1087 1289 1150 θεὸν

191 1181 312 1273 πίθηκος
335 1192 469 1276 φανεῖται
496 1187 544 1253 καὶ
569 1186 658 1274 σοφίᾳ
688 1187 738 1252 καὶ
767 1188 870 1252 κάλλει
892 1186 942 1252 καὶ
971 1191 1029 1262 τοῖς
1052 1185 1152 1262 ἄλλοις
1186 1197 1289 1270 πᾶσιν;

192 1290 315 1374 Video,
340 1317 447 1381 quam
466 1295 671 1381 petulanter
695 1301 729 1361 et
752 1293 875 1361 acerbe
890 1293 1106 1381 Cynicorum
1120 1299 1289 1385 superbia

195 1419 387 1484 corumque
433 1421 513 1466 cum
565 1398 633 1466 diis
685 1395 885 1466 similitudo
932 1397 1134 1469 derideatur
1179 1407 1314 1489 atque'

193 1505 394 1586 castigetur.
442 1503 501 1572 Ad
524 1502 780 1580 Antisthenem
812 1510 993 1588 praeterea
1021 1505 1131 1576 refero
1156 1505 1284 1575 defini-

191 1609 326 1675 tionem
350 1606 452 1676 illam
485 1629 518 1694 p.
544 1611 609 1675 295
627 1607 667 1674 Ε.
714 1605 746 1670 τὸ
778 1604 829 1690 μὲν
854 1605 998 1693 χρήσιμον
1029 1603 1215 1696 ᾖχρήσιμον
1238 1622 1288 1674 καὶ

192 1705 301 1794 πρὸς’ὃ
325 1709 468 1796 χρήσιμον
502 1709 551 1775 καὶ
575 1709 601 1776 ὁ.
615 1709 664 1775 ότε
685 1709 829 1798 χρήσιμον
852 1711 941 1774 καλόν
965 1737 1060 1797 φαμεν
1085 1713 1167 1789 εἶναι,
1196 1714 1229 1778 τό
1254 1714 1287 1778 δὲ

192 1815 283 1900 ταύτῃ
318 1815 413 1900 πάντῃ
445 1811 592 1902 ἄχρηστον
624 1815 752 1902 αἰσχρόν,
789 1839 832 1884 cx
867 1838 938 1902 qua
972 1821 1213 1905 consequitur,
1250 1828 1288 1888 ui

191 1924 385 2007 sapientia,
420 1942 501 1989 cum
524 1923 718 2021 maximam
752 1921 946 1990 utilitatem
970 1922 1076 1991 nobis
1110 1924 1287 2010 praebeat,

128 2091 130 2096 .
193 2030 354 2094 omniurn
384 2026 625 2113 pulcherrima
659 2028 717 2102 sit,
751 2027 939 2094 inscientia
976 2033 1095 2095 autem
1127 2031 1288 2098 omnium

192 2133 415 2217 turpissima:
451 2153 482 2198 v.
508 2152 540 2216 p.
567 2134 631 2198 296
651 2132 694 2198 A.
731 2125 767 2214 ἇρ
791 2123 840 2193 οὖν
864 2129 934 2215 πρὸς
958 2133 1037 2206 θεῶν,
1062 2129 1212 2208 ὠἹππία,
1237 2133 1284 2196 διὰ

191 2239 283 2297 ruico
317 2232 366 2298 καὶ
396 2232 415 2317 ἡ
440 2232 530 2320 σοφία
563 2234 679 2298 πάντων
711 2233 872 2310 κάλλιστον,
907 2232 926 2317 ἡ
962 2233 995 2297 δὲ
1029 2231 1147 2318 ἀμαθία
1169 2234 1287 2300 πάντων

191 2336 340 2425 αἴσχιστον
365 2338 420 2419 (cf.
446 2360 478 2425 p.
504 2344 568 2407 296
581 2339 640 2422 D).
678 2337 814 2407 Eadem
838 2342 934 2407 enim
959 2342 1079 2426 opinio
1105 2343 1286 2409 invenitur

140 2499 147 2514 .
191 2450 227 2511 et
261 2443 434 2513 refutatur
468 2443 661 2529 eademque
696 2446 785 2512 ratic
829 2442 1019 2512 adhibetur
1051 2447 1090 2512 in
1125 2444 1285 2532 Euthyd.

190 2570 224 2634 p.
248 2553 321 2629 292,
345 2551 409 2618 ubi
432 2548 688 2617 Antisthenem
712 2549 815 2632 tangi
839 2569 947 2634 supra
971 2547 1172 2617 ostendisse
1196 2549 1286 2618 mihi

192 2651 324 2720 videor.
382 2651 544 2738 Utroque
584 2651 663 2722 loco
700 2652 827 2739 Cynici
869 2656 946 2722 suis
981 2655 1142 2740 ipsorum
1178 2657 1285 2722 armis

192 2760 403 2836 vincuntur,
448 2760 580 2844 quippe
616 2760 677 2843 qui
712 2756 799 2843 quid
833 2759 970 2826 bonum
1004 2757 1061 2825 vel
1092 2755 1285 2844 pulchrum

193 2867 288 2929 esset
312 2883 452 2948 quaque
487 2883 523 2930 re
558 2853 748 2947 utrumque
778 2864 1027 2940 contineretur,
1063 2882 1284 2948 quamquam

193 2987 232 3033 se
255 2966 323 3038 hoc
347 2969 435 3034 scire
460 2973 566 3052 atque
590 2965 713 3034 docere
746 2966 1007 3051 gloriabantur,
1043 2964 1145 3035 nullo
1176 2964 1282 3035 modo

193 3076 314 3138 tamen
337 3070 522 3140 enucleare
555 3079 705 3157 possent
738 3073 859 3156 itaque
892 3076 1072 3156 postremo
1106 3091 1156 3150 ea,
1193 3091 1282 3156 quae

192 3173 372 3242 doctrinae
408 3196 493 3243 suae
518 3178 685 3260 opposita
712 3182 807 3255 sunt,
843 3173 1032 3243 concedere
1064 3182 1283 3259 cogerentur,
1342 3263 1344 3268 ,

192 3286 232 3347 ut
254 3277 361 3365 Hipp.
398 3301 430 3366 p.
456 3283 518 3347 297
545 3277 582 3346 O.
628 3279 668 3363 μοὶ
693 3276 757 3355 Δία,
785 3273 936 3364 ὦᾶριστε,
965 3276 1035 3342 οὐδὲ
1058 3274 1171 3362 ἄρατὸ
1195 3279 1285 3342 καλὸν

175 3380 305 3470 ,ἀγαθόν
329 3385 404 3446 ἐστιν
427 3380 496 3446 οὐδὲ
519 3383 551 3446 τὸ
575 3381 689 3466 ἀγαθὸν
712 3382 810 3447 καλόν.

279 3485 378 3568 Quae
399 3509 480 3556 curn
504 3491 555 3556 ita
576 3489 658 3567 sint,
680 3491 750 3556 iam
768 3488 919 3557 dubium
935 3485 1026 3555 mihi
1041 3508 1114 3555 non
1131 3486 1283 3572 videtur,

191 3595 279 3677 quin
300 3592 482 3679 Xenopho
507 3592 706 3662 doctrinam
729 3614 834 3660 suam
857 3613 901 3660 ex
924 3590 1155 3661 Antisthenis
1178 3592 1281 3662 libris

192 3699 393 3782 sumpserit.
407 3697 428 3775 1)
474 3696 632 3766 Easdem
663 3699 862 3783 opiniones
897 3717 987 3782 quas
1010 3693 1116 3766 Plato
1149 3694 1285 3764 deridet

278 3924 300 3989 ¹)
319 3921 500 3979 Duemmler.
529 3921 620 3978 Acad.
648 3940 675 3990 p.
694 3925 727 3978 52
747 3939 811 3990 sqq.
839 3921 1043 3979 demonstrare
1071 3919 1195 3989 studuit,
1229 3921 1284 3978 sub

192 4008 321 4080 Hippiae
347 4025 474 4078 persona
501 4007 663 4066 Isocratem
677 4011 707 4065 *a
725 4007 850 4066 Platone
873 4006 963 4076 tangi.
1007 4006 1092 4080 Quod
1111 4011 1144 4064 ut
1162 4010 1284 4065 conten·

190 4095 282 4166 deret,
301 4095 395 4154 movit
413 4112 482 4153 eum
501 4094 666 4152 similitudo
685 4094 839 4164 quaedam,
860 4112 937 4165 quae
955 4097 1055 4153 exstat
1066 4093 1145 4151 inter
1154 4091 1284 4163 Hippiae

192 4187 222 4241 et
239 4182 380 4242 Isocratis
399 4199 496 4240 mores
520 4188 611 4251 atque
631 4181 796 4252 opiniones.
839 4181 898 4241 Sed
918 4186 1102 4250 argumenta,
1121 4197 1198 4250 quae
1216 4198 1284 4250 pro·

191 4269 270 4338 tulit,
300 4287 347 4328 me
374 4268 495 4339 quidem
523 4267 623 4326 iudice
649 4287 710 4326 non
737 4267 811 4325 satis
837 4267 923 4325 firma
948 4275 1026 4337 sunt,
1054 4271 1089 4326 ut
1105 4266 1285 4338 persuadere

190 4357 276 4415 nobis
303 4356 427 4426 possint.
474 4354 552 4414 Nam
579 4355 659 4424 quod
686 4354 813 4424 Hippias
840 4354 992 4413 interdum
1020 4353 1147 4424 Gorgiae
1176 4354 1283 4423 figuris

191 4443 295 4513 utitur,
319 4462 380 4503 uon
404 4442 505 4501 miuus
524 4441 556 4499 in
575 4442 896 4511 Antisthenem„quam
914 4442 947 4499 in
966 4441 1129 4500 Isocratem
1147 4440 1282 4510 quadrat,

192 4529 335 4599 quoniam
358 4535 485 4600 uterque
513 4529 578 4589 eius
606 4528 774 4598 discipulus
802 4533 873 4586 erat.
908 4527 1015 4598 Neque
1042 4526 1161 4586 vanitas
1180 4531 1210 4586 et
1238 4527 1285 4585 in-
