3246 5252
715 485 752 546 17

276 666 462 736 Accedunt
478 668 550 737 alia
566 679 775 754 argumenta
790 671 905 743 multo
923 677 1085 741 certiora:
1110 696 1143 760 p.
1161 679 1225 744 288
1238 673 1277 740 Β.

187 769 256 834 οῦδὲ
279 797 312 856 γε
336 769 424 844 εἴτις
448 771 522 836 ἔστιν
557 773 700 857 ἐπιστήμη
719 771 809 838 ,ὥστε
833 775 1116 860 ἀθανάτουςποιεῖν,
1140 775 1208 842 ἀνευ
1231 784 1282 842 τοῦ

187 875 362 941 ἐπίστασθαι
385 883 421 962 τῇ
444 875 589 962 ἀθανασίᾳ
611 881 743 964 χρῆσθαι
766 878 834 942 οῦδὲ
854 879 969 962 ταύτης,
992 879 1030 952 ὡς
1051 881 1152 959 ἔοικεν,
1176 877 1281 968 ὄφελος

187 977 280 1053 οῦδὲν,
306 979 334 1044 εί
350 1006 376 1043 τι
392 983 438 1044 δεῖ
459 984 516 1053 τοῖς
528 981 666 1067 πρόσθεν
682 983 915 1068 ὡμολογημένοις
931 984 1149 1070 τεκμαίρεσθαι.
1181 985 1281 1068 Quae

186 1089 297 1155 verba
320 1086 365 1154 ad
389 1089 644 1158 Antisthenem
677 1087 859 1156 referenda
882 1110 959 1156 esse
983 1094 1146 1160 certiores
1172 1090 1280 1160 fimus

188 1212 231 1258 ex
265 1191 409 1260 Isocrat.
455 1215 500 1261 or.
540 1193 621 1278 ,κατὰ
659 1199 713 1255 τῶν
748 1191 906 1277 σοφιστῶν,
950 1215 1056 1278 quam
1090 1198 1280 1281 praecipue

188 1303 310 1363 contra
335 1295 491 1382 Cynicos
515 1300 751 1384 compositam
776 1319 853 1365 esse
877 1319 981 1367 nemo
1007 1301 1177 1382 nescit¹):
1202 1297 1275 1366 vid.

186 1405 256 1474 §a
292 1397 341 1462 καί
374 1401 488 1483 λέγουσι
519 1399 578 1484 μὲν,
610 1399 647 1472 ὡς
677 1399 761 1466 οῦδὲν
786 1401 900 1464 δέονται
922 1403 1091 1488 χριμάτων,
1115 1401 1279 1488 ἀργυρίδιον

185 1501 235 1565 καί
268 1503 415 1589 χρυσίδιον
449 1506 497 1568 τὸν
531 1510 654 1569 πλοῦτον
689 1503 911 1580 ἀποκαλοῦντες,
943 1513 1059 1592 ,μικροῦ
1093 1505 1125 1570 δὲ
1159 1506 1279 1591 κέρδους
1329 1562 1330 1570 ,
1373 1582 1377 1590 ι

185 1605 353 1692 ὀρεγόμενοι
387 1606 472 1692 μόνον
507 1607 560 1672 οῦκ
594 1607 756 1680 ἀθανάτους
792 1607 997 1696 ὑπισχνοῦνται
1034 1611 1100 1682 τοῦς
1143 1609 1278 1682 συνόντας
1304 1596 1307 1602 ’

185 1711 323 1795 ποιήσειν.
562 1797 566 1802 Ι
1141 1773 1149 1786 ,

272 1822 374 1894 8291
392 1817 431 1885 Β.
469 1817 632 1886 Socrates
664 1817 801 1886 Critoni
832 1825 962 1898 narrat,
993 1841 1030 1886 se
1063 1824 1098 1885 et
1122 1817 1276 1886 Cliniam

184 1943 264 1988 cum
294 1921 356 1990 diu
386 1923 586 2008 frustraque
617 1925 879 2009 inquisiverint
902 1943 1093 2017 quaenam
1126 1925 1276 1991 scientia

183 2029 422 2112 potissimum,
445 2026 643 2113 expetenda
675 2029 731 2106 sit,
763 2035 943 2113 postremo
969 2030 1140 2095 statuisse
1165 2035 1276 2094 artem

182 2133 330 2214 regiam:
366 2129 413 2195 ἐπί
447 2130 479 2194 δὲ
513 2130 564 2214 τὴν
598 2132 749 2215 βασιλικὴν
784 2129 915 2202 ἐλθόντες
945 2130 1050 2216 τέχνην
1080 2129 1130 2193 καί
1160 2135 1276 2195 διασκο-

182 2233 321 2316 πούμενοι
345 2235 443 2319 αὐτην,
468 2237 493 2298 εἰ
517 2231 591 2317 αίίτη
616 2233 661 2317 εἴη
685 2237 736 2306 τίν
753 2233 938 2318 εὐδαιμονίαν
959 2233 1191 2319 ἀπεργαζομένη,
1216 2241 1275 2300 κτλ.

184 2337 254 2404 Sed
282 2338 369 2408 haec
402 2362 542 2427 quoque
572 2339 731 2409 definitio
755 2348 829 2408 tam
854 2342 997 2426 copiose
1020 2340 1203 2421 refutatur,
1234 2347 1276 2408 ut

183 2441 370 2512 Platonem
399 2445 642 2514 adversarium
676 2443 853 2530 quendam
878 2447 1077 2530 respexisse
1112 2453 1273 2531 apertum

183 2549 246 2623 sit;
281 2570 345 2616 nec
373 2572 456 2619 vero
482 2550 617 2630 dubito,
654 2552 740 2635 quin
764 2551 891 2616 iterum
917 2549 1153 2618 Antisthenes
1177 2553 1273 2618 eius-

183 2671 250 2736 que
281 2645 474 2723 sectatores
497 2652 729 2738 intellegendi
753 2657 836 2731 sint,
858 2655 919 2738 qui
943 2674 1084 2722 omnem
1109 2651 1271 2740 discipli-

180 2775 264 2824 nam
289 2756 333 2824 ad
359 2768 469 2826 artem
493 2762 626 2842 regiam
650 2764 869 2825 revocarunt.
922 2757 1078 2843 Cynicus
1106 2745 1272 2844 philoso-

179 2861 286 2947 phus
309 2867 488 2946 genuinus
523 2886 585 2931 rex
619 2870 683 2942 est,
718 2865 779 2948 qui
810 2884 830 2928 a
859 2863 944 2928 iove
975 2864 1054 2947 ipso
1083 2865 1273 2951 imperium

124 2980 128 2992 '
182 2970 316 3053 aceepit
339 2989 379 3035 ae
403 2990 497 3035 unus
523 2971 683 3036 omnium
713 2969 845 3054 optime
869 2967 1079 3036 hominibus
1104 2967 1271 3036 consulit.

179 3070 337 3140 Deorum
368 3075 503 3140 amicus
534 3080 588 3140 est
618 3074 662 3140 ab
687 3075 803 3157 iisque
827 3073 972 3147 missus
996 3078 1036 3138 ut
1060 3092 1150 3157 quae
1175 3072 1272 3139 bona
1304 3132 1309 3139 .

179 3178 262 3254 sint,
293 3175 497 3262 quaemaia
528 3197 587 3244 eos
618 3175 763 3244 edoceat
794 3184 837 3254 et,
869 3197 913 3242 ne
942 3177 980 3242 in
1004 3197 1155 3243 errorem
1179 3178 1269 3242 inci-

179 3279 275 3359 dant,
306 3287 463 3348 tueatur:
503 3305 534 3348 ν.
561 3282 674 3367 Epict.
708 3279 845 3347 dissert.
871 3279 923 3346 HI
952 3283 1004 3357 22,
1028 3282 1079 3346 23.
1116 3276 1165 3341 εἷθ’
1192 3274 1270 3340 οὕτω

177 3383 483 3468 παρασκευασάμενον,
521 3383 573 3448 οῦκ
603 3383 663 3448 ἔστι
691 3383 801 3455 τούτοις
830 3382 985 3468 ἀρκεῖσθαι
1021 3383 1068 3445 τῦν
1104 3385 1165 3453 ταῖς
1197 3379 1271 3464 ἀλη-

177 3486 267 3558 θείαις
301 3487 433 3552 Κυνικόν.
488 3487 549 3553 ἀλλ’
583 3489 690 3554 εἰδέναι
724 3493 776 3565 δεῖ,
810 3485 854 3553 δ’τι
883 3484 1004 3573 ἅγγελος
1033 3484 1091 3550 ἀπὸ
1122 3491 1172 3548 τοῦ
1202 3485 1269 3556 Διὸς

831 3591 838 3613 λ
876 3591 883 3612 2

177 3589 357 3656 ἀπέσταλται
383 3595 453 3678 πρὸς
484 3595 549 3665 τοῦς
573 3593 747 3680 ἀνθρώπους,
777 3619 844 3678 περι
867 3595 986 3677 αγαθιῦν
1009 3589 1059 3655 καί
1081 3596 1177 3654 κακῶν
1201 3588 1269 3652 ῦπο-
1301 3638 1304 3644 .

176 3694 286 3767 δείξων.
301 3695 405 3773 αὐτοῖς,
435 3695 478 3762 δτι
500 3699 699 3782 πεπλάνηνται
721 3697 770 3762 καί
794 3697 929 3784 ἀλλαχοῦ
953 3700 1071 3779 ζητοῦσι
1093 3695 1144 3777 τὴν
1168 3691 1269 3757 οῦσίαν

176 3805 226 3862 τοῦ
249 3797 364 3883 ἀγαθοῦ
388 3800 511 3866 καὶτοῦ
533 3809 634 3880 κακοῦ,
666 3800 738 3866 ὅπου
762 3801 815 3866 οῦκ
839 3801 929 3865 ἔστιν·
960 3797 1032 3863 ὅπου
1057 3798 1079 3862 δ’
1106 3799 1189 3875 ἔστιν,
1214 3795 1268 3861 οῦκ

176 3905 401 3987 aucupativa&

175 4095 382 4103 ·---——*—-.—

262 4221 282 4286 ¹)
301 4237 329 4276 ν.
348 4218 503 4286 Uberwcg.
522 4217 668 4285 Philolog.
690 4221 764 4288 1868,
784 4235 813 4286 p.
834 4221 884 4273 175
905 4233 968 4284 sqq.

261 4306 281 4373 a)
300 4305 345 4364 De
372 4305 496 4372 imperio
526 4305 707 4374 Cynicorum
735 4303 854 4372 copiose
882 4320 917 4358 ac
934 4299 1103 4356 luculenter
1122 4297 1265 4354 disseruit

174 4392 231 4450 Dio
250 4393 404 4461 Chrysost-
434 4410 474 4449 or.
494 4391 545 4460 IV,
564 4410 593 4460 p.
614 4396 663 4448 149
684 4409 749 4459 sqq.

1042 4495 1058 4547 2
