3246 5252
881 483 920 545 18

439 667 596 737 Maxime
633 665 784 754 denique
819 667 1023 736 confirmari
1057 671 1146 738 mihi
1184 667 1325 737 videtur
1360 669 1449 735 haec

353 775 612 858 argumentatio
644 771 868 842 dubitatione
900 772 964 841 illa
980 773 1157 854 Critonis,
1180 796 1268 842 num
1301 775 1447 842 omnino

353 887 395 947 ut
417 876 485 946 filii
508 880 566 944 sui
589 877 860 964 philosophiam
883 877 1098 948 edoceantur
1120 882 1314 964 permittat,
1346 898 1448 964 quae,

355 986 387 1051 si
398 982 465 1050 hes
479 981 743 1068 disputationes
767 1003 888 1050 veram
902 981 1105 1065 Platonis¹)
1131 981 1330 1052 doctrinam
1350 1004 1448 1050 com·-

354 1087 463 1174 plecti
486 1107 682 1165 censemus
703 1108 849 1173 prorsus
867 1086 1038 1173 explicari
1054 1091 1189 1174 nequit,
1214 1095 1304 1174 q‘uae
1329 1094 1449 1155 autem

354 1191 459 1260 facile
482 1189 715 1274 intellegitur,
751 1195 795 1262 si,
816 1191 951 1277 placita
987 1193 1029 1260 ab
1056 1189 1258 1262 adversario
1292 1190 1449 1277 quodam

354 1296 496 1383 prolata
520 1294 657 1364 nullius
681 1298 786 1381 pretii
809 1317 887 1363 esse
914 1295 1188 1364 demonstratur.
1211 1301 1215 1307 ’

443 1400 582 1482 Quibus
596 1402 701 1468 rebus
715 1405 765 1470 ita
778 1400 964 1485 explicatis
982 1399 1133 1470 dubium
1145 1422 1306 1470 essenon
1319 1407 1448 1486 potest,

355 1509 443 1593 quin
470 1503 684 1590 ιπροτρεπτικόξ
712 1507 772 1590 qui
797 1503 926 1572 dicitur
946 1503 1042 1590 ιλόγος’
1064 1528 1178 1592 neque
1201 1505 1247 1573 ad
1267 1504 1449 1594 Socratem

340 1601 471 1697 'neque
488 1609 533 1677 ad
549 1608 738 1677 Platonem
760 1608 964 1677 referendus
989 1614 1047 1690 sit,
1084 1611 1146 1678 sed
1170 1610 1215 1679 ed
1239 1632 1354 1678 unum
1370 1609 1447 1694 An-

356 1715 558 1790 tisthenem.
573 1711 678 1792 ouon
691 1734 734 1780 ex
743 1711 908 1783 Platonis
922 1718 1037 1801 ipsius
1049 1716 1167 1784 verbis
1181 1725 1300 1802 aperte
1313 1713 1449 1792 evadit;

355 1840 439 1888 nam
460 1826 501 1886 ut
516 1826 662 1898 taceam,
680 1820 846 1888 omnibus
863 1818 964 1899 locis,
987 1822 1117 1906 quibus
1130 1820 1315 1890 vocabulis
1332 1819 1450 1906 προτρέ-

356 1949 419 1988 πειν
446 1923 504 1990 vel
527 1922 732 2007 προτρεπτικός
757 1927 880 2002 utitur,
906 1925 994 1993 haec
1018 1927 1193 1994 irrisionis
1218 1945 1329 2016 causa
1357 1924 1451 1993 diota

357 2053 446 2109 esse,
475 2028 638 2098 Socrates
662 2031 740 2115 ipse
769 2050 807 2096 se
830 2033 1126 2116 protreptieorum
1151 2031 1316 2113 ignarum
1345 2037 1450 2115 etque

358 2135 480 2204 rudem
506 2155 583 2202 esse
607 2134 737 2201 fatetur
759 2141 793 2201 et
811 2154 831 2200 a
847 2133 1032 2221 sophistis
1056 2140 1097 2202 ut
1113 2156 1150 2201 se
1167 2144 1201 2203 et
1218 2133 1374 2203 Cliniam
1391 2155 1449 2201 eos

357 2239 518 2316 doceant,
552 2247 730 2324 precatur:
764 2237 795 2300 τὸ
820 2237 871 2320 μὲν
888 2237 967 2323 ἐμόν,
992 2238 1074 2326 ἔφην,
1097 2239 1292 2324 παράδειγμα,
1311 2234 1336 2301 ὦ
1352 2241 1452 2302 Διονυ-

357 2343 470 2428 σόδωρέ
500 2367 532 2405 τε
561 2340 609 2406 καὶ
641 2341 805 2426 Εὐθύδημε,
830 2342 889 2405 οἷον
918 2346 1049 2428 ἐπιθυμῶ
1067 2344 1115 2407 τὸν
1138 2344 1343 2430 προτρεπτικὸν
1368 2343 1451 2428 λόγον

358 2448 440 2523 εἶναι,
464 2453 591 2511 τοιοῦτον
614 2448 759 2510 ἰδιωτικὸν
789 2445 858 2518 ἴσως
888 2445 937 2510 καὶ
969 2447 1050 2533 μόλις
1073 2449 1121 2512 nu
1145 2455 1259 2534 μακρῶν
1283 2447 1451 2533 λεγόμενον·

359 2558 437 2638 σφῷν
468 2551 500 2614 δὲ
531 2550 668 2637 ὁπότερος
696 2551 842 2636 βούλεται,
872 2551 977 2616 ταύτὸν
1003 2559 1087 2618 τοῦτο
1117 2555 1206 2640 τέχνη
1234 2553 1367 2639 πράττων
1392 2557 1452 2618 ἑπι-

359 2657 481 2730 ὃετξάτον
505 2654 612 2740 ἡμῖνὶῑ)
1267 2649 1272 2668 ¹
1473 2739 1477 2746 Ι

448 2760 508 2829 Ad
542 2759 694 2828 eundern
730 2758 839 2829 finem
871 2765 1035 2847 pervenit
1069 2761 1271 2843 HirueliUS‚
1319 2749 1381 2849 qui
1415 2766 1451 2831 in

360 2867 580 2952 quaestione,
617 2887 723 2952 quarn
758 2869 797 2933 in
821 2865 956 2935 decimo
981 2867 1133 2936 Hermae
1156 2874 1253 2936 tomo
1277 2871 1449 2937 instituit:

360 2972 447 3038 iiber
471 2969 540 3037 den
563 2968 810 3056 Protreptikos
842 2969 903 3038 des
928 2972 1116 3050 Aristoles
1151 2970 1246 3040 unde
1280 2972 1362 3056 λόγοι
1384 2997 1452 3058 προ-

360 3071 504 3160 rpem-roi
529 3076 701 3155 originem
726 3077 933 3160 acceperint,
970 3074 1305 3162 copiose}]disseruit
1336 3075 1385 3165 (p.
1411 3082 1451 3146 69

362 3183 465 3266 sqq.).
515 3178 659 3264 Optime
684 3177 944 3248 demonstravit
971 3183 1025 3248 vir
1048 3180 1185 3258 doctus
1219 3181 1288 3249 hoo
1313 3180 1452 3249 dicendi

361 3305 476 3368 genus
501 3305 521 3350 a
545 3284 718 3369 sophistis
754 3287 943 3352 inventum
977 3292 1011 3352 et
1047 3287 1090 3354 ab
1116 3285 1345 3365 Antisthene,
1378 3285 1451 3355 dis-

363 3387 482 3474 cipulo
508 3409 642 3465 eorum,
667 3387 712 3454 ad
728 3388 1000 3474 philosophiam
1016 3389 1235 3459 translatum
1259 3412 1347 3468 esse,
1371 3413 1452 3459 sen-

452 3648 474 3716 ¹)
491 3648 645 3707 Kunertus
665 3649 753 3720 (quae
771 3650 850 3706 inter
861 3647 1083 3716 Glitophontem
1102 3647 1254 3718 dialogum
1273 3654 1303 3707 et
1320 3649 1455 3708 Platonis

362 3735 576 3805 rempublicam
612 3737 776 3795 intercedat
808 3735 1006 3805 necessitud0‚
1036 3735 1209 3806 Gryphisw.
1240 3741 1306 3795 1881
1344 3755 1372 3808 p.
1401 3739 1453 3804 12).

363 3823 593 3893 Xenophontem
611 3824 755 3881 vocabula
786 3820 987 3896 ,προτρέπεσθαί
1017 3831 1047 3882 ei
1065 3822 1185 3896 προάγειν
1205 3841 1244 3882 ex
1264 3823 1455 3894 Clilophonto

364 3910 530 3980 sumpsisse
548 3911 715 3978 contendit;
743 3911 795 3969 sed
813 3910 904 3968 nimis
923 3910 1063 3969 audacter
1081 3911 1192 3970 dehac
1215 3929 1247 3969 re
1272 3911 1456 3971 diiudicasse

363 3997 438 4055 mihi
465 3997 591 4066 videtur,
620 3997 761 4067 quoniam
779 3998 976 4056 Antisthenes
1006 3997 1097 4056 etiam
1115 3997 1147 4054 in
1165 3997 1356 4068 Euthydomo
1375 4005 1405 4057 et
1422 3999 1455 4057 in

363 4086 484 4143 Isocrat.
521 4104 561 4142 or.
593 4083 665 4157 ,κατὰ
692 4091 741 4139 τῶν
770 4083 901 4158 σοφιστῶν
941 4084 1088 4154 persimili
1124 4085 1239 4144 ratione
1267 4085 1454 4156 increpatur:

363 4192 391 4243 p·
416 4177 466 4230 291
497 4172 528 4230 C.
567 4168 637 4227 οὗτοι
665 4174 813 4232 τοίνον-εἰς
831 4178 908 4226 τοῦτο
927 4171 1026 4244 τόλμης
1045 4169 1206 4243 ἐληλύθασιν,
1235 4169 1300 4227 ὥστε
1318 4178 1455 4246 πειρῶνται

363 4261 458 4314 πείθειν
477 4258 537 4319 τοὺς
559 4263 708 4332 νεωτέρους,
738 4256 771 4318 ὡς
790 4299 796 4310 .
818 4299 823 4311 .
843 4299 849 4311 .
872 4255 889 4314 ἅ
916 4280 944 4312 τε
972 4262 1103 4332 πρακτέον
1129 4262 1195 4314 ἐστὶν
1222 4260 1333 4314 εἴσονται
1351 4261 1396 4314 καὶ
1414 4257 1456 4313 διὰ

363 4344 460 4418 ταύτης
478 4351 525 4418 τῆς
544 4345 688 4419 ἐπιστήμης
707 4344 857 4417 εὐδαίμονες
878 4343 1039 4417 γενήσονται.

452 4434 472 4500 ⁹)
491 4452 517 4488 ν.
536 4433 669 4502 Euthyd.
688 4451 716 4502 p.
735 4437 786 4491 282
805 4431 840 4489 D.
