3246 5252
888 589 907 652 8

352 773 469 854 aliena
486 777 559 842 sint
578 796 599 842 a
614 773 858 860 Xenophonte
875 781 909 841 et
926 773 971 842 ad
989 773 1262 861 Clitophontem
1281 775 1444 844 Platonis

353 877 548 962 dialogum,
573 881 634 964 qui
646 878 761 947 multo
778 887 862 964 post
875 882 951 947 eius
971 884 1124 946 aetatem
1141 882 1364 964 compositus
1389 882 1446 957 sit,

352 989 511 1070 spectare
534 982 732 1051 videantur.
781 982 976 1052 Contendit
999 1003 1115 1070 porro,
1145 980 1326 1066 (προτρέπειθ
1354 981 1447 1051 hanc

352 1086 569 1156 adhortandi
593 1086 895 1171 significationem
919 1086 1076 1154 Socratis
1109 1087 1167 1154 vel
1191 1085 1446 1174 Xenophontis

351 1193 574 1276 temporibus
606 1194 751 1260 omnino
784 1213 857 1260 non
881 1192 1064 1271 habuisse,
1097 1188 1160 1258 sed
1184 1193 1234 1258 ita
1258 1189 1448 1275 demuma

353 1287 482 1364 Stoicis
519 1303 732 1381 usurpatum
767 1317 861 1374 esse;
898 1295 960 1364 sed
994 1298 1032 1364 in
1066 1295 1133 1366 hac
1162 1317 1198 1362 re
1231 1315 1446 1382 magnopere

351 1401 483 1466 erravit
512 1403 659 1485 ipseque
691 1404 868 1469 concessit
892 1403 940 1486 (p.
968 1403 1058 1482 179),
1086 1420 1124 1465 se
1146 1396 1271 1484 paullo
1297 1398 1445 1466 celerius

351 1501 539 1583 iudicasse,
568 1524 656 1570 cum
694 1506 801 1572 etiam
840 1503 920 1572 aliis
959 1503 1067 1571 huius
1105 1502 1190 1573 libri
1228 1500 1317 1571 locis
1359 1505 1446 1588 quin

355 1604 536 1692 ‘uporptseu‘
563 1605 656 1675 nihil
679 1606 779 1680 aliud
798 1606 998 1692 significare
1013 1610 1130 1693 possit
1146 1610 1218 1698 nisi
1243 1605 1446 1684 ,adhortari‘

352 1710 511 1779 dubitari
547 1720 710 1798 nequeat.
771 1711 896 1780 'lotam
944 1719 1063 1779 autem
1109 1715 1200 1779 eius·
1231 1713 1446 1778 sententiam

351 1837 498 1902 prorsus
522 1815 652 1884 falsam
677 1838 754 1884 esse
779 1824 927 1902 apparet
951 1838 994 1884 ex
1018 1814 1182 1883 Platonis
1204 1812 1446 1900 EuthydemO,

353 1923 392 1988 in
417 1941 485 2006 quo
511 1918 605 1988 idem
628 1921 777 1990 verbum
802 1919 925 1988 eadem
949 1917 1446 2005 significatione'saepissime

353 2030 567 2111 usurpatum
591 2025 835 2106 invenimusl)

395 2181 398 2189 ,
440 2127 511 2196 Sed
535 2151 616 2201 cum
641 2128 894 2216 Euthydemus
930 2128 975 2196 ad
1005 2128 1102 2195 hunc
1124 2126 1253 2193 'locum
1276 2128 1367 2195 bene
1390 2130 1445 2194 in-

352 2232 596 2316 tellegendum
615 2232 771 2302 multum
794 2233 913 2302 valeat
937 2254 1051 2319 neque
1076 2229 1194 2300 adhuc
1218 2234 1305 2298 satis
1331 2229 1447 2316 expli-

354 2344 474 2404 catum
506 2340 563 2417 sit,
599 2338 686 2426 quid
710 2338 819 2428 Plato
846 2338 914 2406 hoc
948 2335 1089 2421 dialogo
1124 2333 1259 2403 efficere
1282 2335 1449 2416 voluerit,

353 2448 393 2508 ut
417 2439 459 2508 de
483 2443 622 2527 integro
648 2466 729 2511 curn
745 2448 1006 2529 perscrutemur
1024 2464 1114 2528 opus
1139 2451 1224 2508 esse
1239 2440 1329 2508 mihi
1346 2438 1446 2507 vide-

352 2553 419 2612 tur.
468 2544 560 2614 Cum
578 2545 925 2614 Schleiermacherus
944 2549 1182 2630 cognovisset,
1198 2544 1319 2631 plures
1336 2544 1446 2634 huius

353 2648 487 2732 dialogi
522 2650 620 2720 locos
647 2657 769 2718 contra
798 2651 1065 2729 Antisthenem,
1096 2647 1313 2736 Cynicorum
1348 2650 1448 2734 prin-

353 2758 478 2840 cipem,
503 2757 654 2840 scriptos
680 2756 827 2838 eiusque
850 2753 1032 2840 paradoxa
1058 2776 1079 2822 a
1103 2754 1276 2840 sophistis
1302 2751 1447 2836 Euthy-

355 2858 456 2926 demo
483 2865 517 2926 et
546 2857 799 2943 Dionysodoro
827 2859 967 2944 prolata
990 2860 1093 2926 irrisa
1117 2879 1205 2935 esse,
1230 2878 1354 2926 omnes
1378 2855 1449 2924 sere

352 2967 420 3031 viri
445 2962 541 3031 docti
565 2963 727 3031 arbitrati
751 2971 846 3039 sunt,
871 2961 953 3030 illas
978 2959 1241 3048 disputationes
1267 2960 1449 3030 aSocrate

354 3090 435 3135 oum
478 3067 598 3135 Clinia
643 3071 828 3135 institutas
878 3069 1053 3151 integram
1099 3066 1242 3134 reddere
1285 3064 1449 3134 Platonis

354 3169 591 3256 disciplinam.
654 3171 771 3252 Quam
817 3174 1032 3239 sententiam
1077 3174 1184 3239 etiam
1219 3170 1448 3239 Hermannus

354 3275 583 3357 Bonttnus2)
609 3279 749 3362 recepit,
786 3297 968 3342 summum
993 3275 1249 3344 consilium'eo
1274 3275 1448 3342 contineri

356 3379 426 3448 sibi
449 3378 601 3463 fingens,
632 3387 674 3481 ut
702 3401 808 3466 quam
832 3399 927 3446 vana
951 3382 997 3446 sit
1020 3380 1264 3465 sophistarum
1289 3377 1450 3446 doctrina

322 3501 326 3510 '
354 3484 633 3552 demonstretur:
659 3484 752 3564 „Der
765 3483 877 3551 Beruf
901 3482 961 3550 der
977 3482 1225 3569 Philosophia,
1250 3480 1306 3548 die
1330 3481 1448 3549 wahre

353 3587 540 3656 Bildnerin
575 3586 636 3654 der
668 3586 813 3671 dugend
851 3609 896 3655 nu
932 3591 1019 3666 sein,
1064 3586 1152 3655 wird
1185 3584 1451 3670 gerachtfortigt

351 3694 555 3776 gegeniiber
590 3691 650 3759 der
685 3691 997 3770 Schoinweisheit,
1045 3691 1102 3759 die
1145 3713 1190 3758 an
1225 3690 1302 3758 ihre
1338 3685 1450 3755 Stella

353 3803 467 3864 treton
501 3794 586 3873 will,
619 3795 732 3864 durch
756 3794 1105 3878 Selbstdarstellung
1139 3792 1199 3861 der
1235 3798 1339 3862 einen
1374 3790 1449 3859 und

353 3899 414 3967 der
438 3900 614 3968 anderen“
651 3901 700 3988 (p.
728 3905 815 3979 126).
1316 3963 1319 3972 .

442 4002 512 4072 Sed
545 4008 606 4091 qui
629 4005 986 4091 hastdisputationes
1023 4010 1184 4070 accurate
1220 4002 1450 4088 perspexerit,

259 4183 262 4192 ,
352 4131 435 4177 eum
460 4108 613 4193 effugere
638 4132 711 4178 non
734 4115 864 4196 potest,
890 4108 1072 4178 Socratem
1096 4109 1134 4174 in
1156 4104 1360 4174 definienda
1384 4107 1450 4175 illa

353 4215 513 4292 scientia,
539 4234 629 4297 quac
654 4213 811 4281 effectrix
835 4217 883 4281 sit
908 4215 1023 4280 omnis
1048 4210 1242 4288 felicitatis,
1265 4214 1303 4278 in
1327 4217 1448 4278 tantas

441 4456 461 4522 ¹)
480 4473 499 4510 v
527 4453 660 4522 ltlutlryd.
687 4473 714 4523 p.
733 4458 785 4512 274
803 4453 836 4510 Ε.
870 4457 921 4510 278
942 4451 973 4510 C.
1002 4457 1054 4510 218
1073 4453 1108 4509 D.
1138 4455 1190 4508 282
1209 4451 1243 4508 Ε.
1271 4455 1321 4508 307
1343 4449 1374 4507 C.

443 4541 463 4609 Ξ)
483 4540 674 4598 Plutonische
693 4539 820 4599 Studien
840 4559 868 4608 p.
889 4544 922 4598 93
942 4557 1007 4609 sqq.
