3246 5252
841 512 988 574 46.

314 704 580 784 argumentum,
616 718 685 783 quc
716 695 998 782 Xenophontem
1039 696 1107 762 hoc
1151 698 1270 782 capite
1301 696 1410 788 Anti-

220 807 221 814 ’
310 804 448 873 sthenis
465 804 617 885 vestigia
633 803 808 887 pressisse
825 798 1023 880 edocemur,
1039 801 1186 886 praebet
1202 806 1219 876 ἓ
1237 806 1272 867 ἵε
1293 797 1411 863 οἴεσθαι

310 907 332 972 δ’
359 907 416 993 ἔφη
440 905 629 970 ἐπισκώπτων
660 901 710 967 καί
740 904 791 988 την
816 903 927 989 Κίρκην
960 899 991 975 ὗς
1015 907 1106 968 ποιεῖν
1129 903 1269 975 τοιούτοις
1292 905 1411 975 πολλοῖς

311 1011 523 1084 δειπνίζουσαν·
568 1008 616 1072 τὸν
651 1006 683 1072 δὲ
715 1005 860 1072 Ὀδυσσέα
891 1007 1005 1094 Ἑρμοῦ
1045 1033 1091 1092 τε,
1118 1007 1324 1092 ὑποθημοσύνῃ
1358 1007 1410 1070 καὶ

312 1116 398 1182 αὐτὸν
434 1119 560 1200 ἐγκρατῆ
595 1109 664 1177 ύντα
695 1109 744 1175 καί
775 1110 978 1198 ἀποσχόμενον
1005 1119 1057 1176 τοῦ
1081 1111 1152 1198 ὑπὲρ
1176 1113 1224 1175 τὸν
1247 1111 1331 1198 κύρυν
1355 1119 1410 1174 τῶν

287 1266 288 1270 =
311 1221 450 1285 τοιούτων
475 1215 629 1294 ἅπτεσθαι,
654 1217 702 1280 ὀιά
726 1223 817 1281 ταῦτα
841 1216 874 1280 ού
891 1218 1028 1300 γενέσθαι
1052 1213 1091 1281 ὗν.
1137 1217 1262 1285 Circae
1286 1217 1412 1286 fabula

313 1330 407 1395 enim
428 1323 550 1393 eadem
569 1323 639 1390 fere
656 1325 793 1390 natione
810 1321 1020 1409 explicatur,
1046 1343 1116 1408 qua
1140 1321 1238 1409 apud
1255 1323 1410 1393 Dionem

315 1431 625 1516 Chrysostomum,
660 1429 722 1512 qui
745 1447 822 1493 cam
846 1430 922 1494 sine
947 1426 1056 1495 dubio
1093 1448 1137 1494 cx
1161 1427 1295 1512 Cynico
1321 1449 1410 1514 quo-

314 1534 396 1602 dam
421 1541 563 1600 auctora
587 1533 756 1617 sumpsit:
789 1553 820 1598 v.
846 1529 932 1600 VIII
957 1536 1035 1610 2833
1059 1531 1206 1598 XXXII
1230 1536 1272 1600 28
1294 1553 1368 1617 sqq.
1381 1531 1410 1612 1)

403 1637 527 1724 Capite
571 1639 696 1721 quinto
738 1634 897 1704 ciusdem
932 1635 1015 1704 lton
1055 1633 1220 1703 Sociates
1261 1634 1409 1704 demon-

315 1750 429 1810 strate
484 1746 643 1818 conatur,
696 1743 954 1808 continentiam
1011 1739 1286 1810 fundamentum
1332 1761 1410 1808 esso

315 1849 431 1916 Omnis
456 1847 617 1912 Virtutis:
653 1850 670 1920 ἓ
693 1849 723 1910 4,
760 1837 818 1928 ἀρά
846 1869 879 1927 γε
910 1843 944 1908 ού
966 1844 1024 1930 χρη
1052 1843 1147 1906 πάντα
1170 1837 1270 1928 ἀνδρα,
1298 1841 1411 1927 ἡγησαί-

317 1975 401 2035 μενον
418 1949 481 2032 γτην
513 1947 682 2033 ἐγκράτειαν
713 1945 818 2034 ἀρετῆς
849 1947 921 2010 εἶναι
950 1950 1085 2034 κρηπῖδα,
1117 1947 1223 2030 ταύτην
1247 1953 1357 2032 πρῶτον
1380 1949 1411 2010 ἐν

269 2091 271 2096 v
316 2062 352 2140 τῇ
377 2060 459 2140 ψυχῇ
482 2052 778 2130 aetna-teotoniam
813 2054 917 2122 Errat
951 2057 1013 2140 qui
1034 2053 1102 2120 hoo
1127 2052 1262 2122 dicium
1285 2051 1410 2122 Xeno·

316 2159 466 2244 phontis
498 2157 678 2225 doctrinae
714 2179 911 2242 repugnare
940 2157 1068 2225 credat.
1122 2157 1215 2224 Nam
1248 2162 1310 2243 qui
1338 2160 1411 2226 vir-

317 2271 432 2331 tutem
456 2264 655 2349 expetitis
679 2282 824 2329 necesse
848 2270 902 2330 cst
926 2270 1008 2330 ante
1033 2265 1155 2330 omnia
1171 2265 1413 2330 continentiae

318 2367 473 2446 studeat,
510 2387 600 2453 quae
635 2387 707 2434 una
743 2365 862 2446 efficit,
897 2374 938 2434 ut
961 2369 1100 2435 animos
1133 2369 1170 2432 in
1194 2387 1278 2433 vcra
1301 2367 1412 2433 huius

316 2475 412 2539 vitae
436 2473 531 2540 bona
555 2470 784 2538 intendamus
810 2477 844 2538 et
868 2471 1012 2540 divitias
1046 2472 1198 2539 honores
1224 2470 1297 2537 alia
1321 2491 1413 2556 quae

319 2575 429 2660 vulgo
461 2576 558 2642 bona
589 2574 766 2642 ducantur
801 2575 1039 2661 despiciamus
1074 2579 1270 2662 paucisque
1303 2576 1412 2643 nebus

323 2682 482 2746 contenti
518 2682 640 2747 simus.
711 2678 815 2760 Quod
849 2701 973 2747 verum
1013 2701 1090 2747 csse
1125 2680 1323 2748 clarissime
1357 2677 1412 2746 illi

267 2789 270 2795 ’
320 2791 508 2862 testantur,
545 2787 606 2870 qui
640 2796 717 2852 ea'm
752 2784 948 2868 neglegunt
983 2791 1017 2851 et
1051 2783 1302 2871 voluptatibus
1338 2806 1411 2851 scr-

318 2892 432 2957 viunt.
480 2889 745 2960 incontinentia
769 2911 828 2957 eos
852 2888 1017 2956 libertate
1040 2891 1159 2974 privat
1182 2910 1221 2956 ac
1252 2887 1412 2973 impedit,

320 2996 511 3079 quominus
547 2995 760 3079 sapientiam
797 3000 967 3079 appetant
1001 2996 1211 3079 animosque
1245 2995 1296 3060 ita
1330 3014 1412 3078 per-

321 3097 453 3174 turbat,
500 3105 540 3164 ut
586 3118 675 3183 quae
713 3099 810 3165 bona
849 3100 939 3176 sint,
973 3117 1064 3182 quac
1104 3097 1202 3164 mala
1235 3100 1411 3164 nesciant:

318 3225 349 3270 V.
375 3201 479 3269 Mem.
516 3201 567 3269 IV
590 3207 620 3281 ὁ,
645 3207 673 3270 6,
721 3199 823 3285 σοφίαν
856 3199 888 3264 οὲ
917 3200 947 3262 τὸ
977 3201 1109 3284 μέγιστον
1138 3200 1251 3284 ἀγαθὸν
1275 3199 1309 3264 ού
1333 3202 1416 3264 δοκεῖ

318 3331 362 3368 σοι
386 3303 565 3390 ἀπείργουσα
594 3312 647 3368 τῶν
672 3304 829 3390 ἀνθρώπων
860 3303 878 3387 ἡ
907 3303 1034 3390 ἀκρασία
1058 3307 1098 3377 εἰς
1121 3303 1284 3368 τούναντίον
1308 3303 1413 3376 αύτούς

319 3408 490 3493 ἐμβάλλειν;
535 3407 554 3493 ἢ
589 3409 623 3472 ού
657 3412 739 3474 δοκεῖ
766 3435 811 3472 συι
848 3409 1006 3495 προσέχειν,
1032 3434 1063 3472 τε
1098 3413 1155 3481 τοῖς
1174 3407 1330 3494 ’ὠφελοῦσι
1362 3407 1413 3472 καί

318 3513 549 3597 καταμανθάνειν
566 3513 641 3577 αύτά
657 3513 790 3588 κωλύειν,
815 3512 984 3598 ἀφέλκουσα
1001 3511 1048 3576 ἐπὶ
1064 3514 1099 3576 ot
1115 3512 1190 3597 ἠόέα
1207 3511 1256 3576 καί
1272 3512 1413 3584 πολλάκις

320 3618 547 3700 αἰσθανομένους
570 3624 622 3681 τῶν
646 3617 764 3702 ἀγαθῶν
793 3615 895 3680 τεκαὶ
924 3623 977 3680 τῶν
1007 3623 1101 3680 κακῶν
1131 3617 1298 3700 ἐκπλήξασα
1321 3619 1414 3680 ποιεῖν

319 3723 464 3808 τόχεῖρυν
481 3719 543 3784 ἀντί
560 3726 610 3786 τοῦ
626 3719 769 3806 βελτίονος
790 3721 950 3806 αἱρεῖσθαι;
973 3761 1016 3768 -
1038 3719 1163 3806 γίγνεται
1179 3721 1263 3798 τοῦτ’,
1288 3720 1355 3806 ἔφη.
1370 3759 1415 3767 -

321 3825 508 3912 σωφροσύνης
543 3824 575 3888 ci
603 3874 609 3888 .
638 3875 645 3888 .
675 3875 682 3888 .
720 3825 772 3890 τίνι
813 3823 848 3890 ἀν
887 3825 1018 3912 φαίημεν
1054 3822 1138 3910 ἧττον
1172 3823 1191 3910 ἢ
1223 3832 1264 3911 τῷ
1293 3825 1416 3910 ἀκρατεῖ

320 3929 492 4014 monitam
538 3930 670 4000 Contra
713 3935 934 4000 continentia
974 3933 1139 4001 homines
1183 3953 1204 3997 a
1242 3933 1415 3999 seruitute

321 4034 451 4106 liberat
474 4037 589 4120 iisque
613 4038 708 4102 viam
733 4035 899 4116 ostendit,
932 4057 1001 4121 qua
1027 4034 1071 4103 ad
1095 4038 1309 4122 sapientiam
1331 4055 1412 4120 pcr-

323 4137 506 4206 ducantun
554 4138 650 4207 Haec
685 4150 739 4207 est
774 4143 975 4222 neccssaria
1009 4146 1050 4207 ut
1084 4143 1133 4208 ita
1176 4139 1291 4207 dicam
1327 4161 1413 4206 con-

322 4241 421 4320 ditio,
455 4245 492 4309 in
518 4264 587 4328 qua
616 4247 754 4330 positae
784 4252 869 4312 sunt
895 4243 989 4330 ι’σοφία
1013 4241 1062 4306 καί
1086 4241 1276 4328 σωπροσύνη.
1323 4243 1413 4311 Cum

410 4460 430 4526 ¹)
449 4477 474 4516 v.
495 4458 675 4516 Duemmler.
703 4459 835 4517 Antisth.
854 4478 882 4528 p.
903 4464 944 4518 30.
